2834 4988
218 399 305 452 xrtV1
361 445 363 451 .
555 481 557 486 Ι
620 395 933 463 QVAESTlONES

218 564 281 622 nius
308 562 422 622 uidetur
450 580 466 620 a
497 559 618 622 Graecis
650 568 794 620 mutuatus
827 579 912 640 esse,
947 562 1014 624 uide
1038 562 1225 624 Niebuhrium
1253 562 1326 621 llist.

72 760 78 770 ,
221 666 343 728 Romi
373 685 401 746 p.
424 665 482 727 25:
519 668 568 747 qui
595 667 672 745 quod
700 668 765 728 adn.
788 669 827 728 41
847 688 935 734 uersu
956 672 1007 732 illo
1031 669 1131 750 (XXI)
1146 673 1330 747 perhibebunt

218 774 278 851 legi
311 773 408 850 iubet,
440 790 497 832 non
528 772 686 833 adsentior.
744 775 904 858 Saturniam
940 788 1033 839 autern
1067 786 1174 838 terram
1211 783 1242 836 ut
1270 775 1329 836 boc

217 890 322 941 tenore
343 880 516 959 adpellatam
539 899 606 942 esse
629 881 782 961 probabile
808 892 863 959 est,
887 887 925 946 ita
947 883 1056 945 Ennius
1080 902 1138 963 quo
1160 885 1222 944 eius
1237 886 1328 944 nomi·

218 989 262 1048 nis
285 989 427 1066 originem
449 989 571 1066 aperiat,
597 1007 651 1067 per
674 990 799 1068 episodii
822 993 1010 1053 occasionem
1038 991 1151 1052 labulas
1181 990 1328 1068 expromit

219 1096 335 1156 Saturni
358 1095 546 1174 Titanumque
579 1096 735 1155 certamina
760 1099 930 1177 perstringit
953 1098 1074 1179 (XXlV.
1091 1085 1327 1180 XXV.'XXVl).

219 1200 408 1267 Conlidentcr
425 1200 542 1281 loquor,
564 1220 733 1284 quamquam
755 1221 813 1264 nou
833 1205 899 1284 plus
921 1215 1042 1285 praesto
1063 1223 1149 1284 quam
1161 1203 1241 1264 banc
1259 1219 1328 1282 pro·

217 1309 392 1370 habiliorem
412 1311 553 1369 rationem
572 1302 665 1370 uideri
687 1330 723 1372 ea
748 1330 803 1390 qua
824 1313 873 1373 alii
891 1301 951 1372 'bos
975 1328 1079 1371 uersus
1108 1311 1327 1390 disposuerunt.

208 1416 405 1495 improbabile
428 1417 503 1477 enim
521 1417 587 1477 dico
608 1419 656 1482 uel
679 1419 760 1495 illud,
785 1420 862 1499 quod
886 1418 1017 1493 Remum,
1041 1435 1106 1478 cum
1125 1417 1328 1498 urbismurunr

217 1527 386 1602 transiliret,
409 1524 554 1602 llbergius
577 1526 760 1587 exclamasse
784 1529 811 1586 iu
833 1527 910 1588 bunc
931 1526 1044 1586 modum
1074 1527 1230 1606 opinatur:
1257 1527 1327 1598 Iup-

88 1705 92 1714 ⁴
212 1640 289 1710 pitcr
321 1641 351 1692 ut
378 1629 456 1692 nostro
485 1635 585 1709 fretus,
604 1639 691 1710 muqis
721 1640 839 1711 quamde
869 1654 969 1695 munus
999 1641 1030 1694 ui
1061 1630 1211 1712 (XXVI).
1263 1627 1328 1688 Non

217 1741 310 1817 magis
326 1739 421 1818 probo
442 1738 518 1816 quod
540 1738 575 1798 ir.
599 1738 703 1800 XXlV.
727 1740 809 1802 XXV
836 1740 1002 1802 Euhemero
1026 1741 1088 1800 siue
1111 1753 1215 1797 sacrae
1236 1734 1327 1794 bisto-

218 1848 278 1906 riae
302 1844 469 1904 lirahnerus
496 1846 532 1905 de
563 1849 659 1908 causis
682 1865 759 1908 corr.
783 1850 868 1927 relig.
891 1849 975 1909 Rom.
1004 1867 1032 1927 p.
1055 1846 1096 1905 to
1116 1841 1244 1902 ascribit.
1280 1839 1326 1900 ct.

218 1952 387 2027 Bernhardy
407 1951 472 2011 tiu.
496 1951 580 2013 Rom.
603 1973 632 2035 p.
654 1955 726 2018 366.
763 1954 863 2016 Fidem
880 1957 981 2017 lacere
995 1957 1074 2014 uisus
1091 1961 1137 2012 est
1151 1950 1327 2039 Lactantius,

201 2060 267 2138 <qui
289 2059 345 2118 diu.
373 2060 439 2118 inst.
465 2057 478 2119 1
504 2063 530 2119 o.
565 2060 601 2123 14
632 2079 670 2120 ex
698 2079 734 2120 eo
763 2062 839 2144 libro
868 2062 942 2124 baec
969 2069 1082 2123 narrat:
1117 2062 1215 2118 uanae
1247 2060 1328 2117 Titum

212 2177 361 2242 postquam
396 2172 509 2226 reseiuit
542 2170 765 2244 Saturnalibus
792 2180 956 2244 procreatos
988 2179 1071 2245 atquc
1106 2168 1236 2225 educatos
1269 2181 1329 2223 esse

217 2280 303 2346 claua,
332 2278 437 2333 seducit
465 2291 558 2332 secum
584 2278 656 2349 tilios
688 2293 754 2334 suos
778 2282 826 2351 qui
852 2279 944 2335 Titani
972 2281 1123 2348 uocantur,
1153 2277 1329 2355 fratremque

139 2359 140 2362 Ἴ
217 2400 298 2440 cuum
328 2384 481 2440 Saturnum
510 2372 593 2456 uque
623 2385 708 2456 Opem
735 2387 941 2458 ccurprebeudit
968 2399 1067 2457 eosque
1096 2401 1176 2442 muro
1208 2387 1327 2440 eircum-

135 2464 137 2469 ’
218 2488 271 2562 equi
296 2497 322 2546 et
353 2486 507 2545 cutodiam'
529 2489 574 2545 bie
600 2491 714 2561 adponit
740 2487 830 2566 (Eub.
855 2488 921 2568 lV).
973 2485 1086 2564 Nempe
1108 2489 1243 2565 congruit
1265 2504 1327 2547 curn

220 2591 279 2652 illis
302 2591 338 2651 ir.
361 2590 455 2667 XXV,
481 2593 559 2672 quod
583 2592 645 2651 sine
667 2593 763 2653 indice
783 2595 848 2655 libri
870 2593 981 2655 Nonius
1004 2612 1033 2672 p.
1058 2592 1130 2671 216,
1156 2593 1196 2655 29
1218 2596 1326 2655 citauit.

103 2780 106 2786 Ι
218 2699 258 2759 ht
279 2718 314 2760 ea
339 2702 531 2776 congruentia
553 2717 611 2760 non
633 2701 750 2778 sufficit,
774 2712 815 2780 ut,
837 2705 862 2762 si
883 2683 962 2764 nulla
979 2704 1035 2788 alia
1055 2721 1088 2762 re
1111 2685 1328 2763 commendatur

218 2793 407 2885 coniectura,
438 2808 466 2868 ei
490 2807 566 2870 libro
583 2808 749 2893 'inseramus
774 2809 975 2887 lragmentum.
1015 2809 1108 2884 Quam
1134 2809 1222 2869 multa
1252 2812 1327 2871 enim

217 2903 327 2975 Ennius
358 2915 452 2994 potuit
478 2915 507 2973 in
536 2915 686 2992 annalibus
715 2917 765 2977 uel
795 2916 994 2996 episodiorum
1009 2917 1142 2976 ,artificio
1171 2893 1326 2995 attingere,

218 3041 294 3102 quae
321 3023 436 3103 plenius
463 3032 511 3084 aut
540 3032 607 3083 ante
636 3031 813 3084 tractauerat
847 3030 896 3082 aut
923 3030 1097 3082 tractaturus
1116 3022 1188 3084 'erat
1215 3025 1242 3083 in
1268 3025 1326 3085 alio

218 3131 304 3192 libro.
349 3130 395 3190 Ac
415 3149 519 3192 uersus
539 3129 682 3220 estuistud
706 3129 906 3208 lragmentum‚
927 3146 985 3188 nou
1003 3131 1118 3207 integre
1131 3132 1247 3210 quidem
1264 3151 1326 3193 ser·

160 3243 162 3247 ’
218 3249 312 3316 uatus,
336 3239 389 3300 sed
410 3240 449 3301 ita
468 3248 500 3298 ut
522 3237 580 3298 leni
605 3220 763 3298 mutatione
786 3237 880 3297 honus
902 3236 1075 3297 hexameter
1089 3237 1186 3298 exeat.
1229 3237 1325 3299 Enbe-

216 3366 327 3408 merum
348 3362 439 3421 uero,
462 3354 491 3404 ut
513 3362 629 3405 carmen
645 3344 751 3425 inerit,
771 3343 879 3403 -berois
899 3344 1034 3404 uersibus
1062 3352 1210 3404 exaratum
1234 3344 1327 3405 luisse
1349 3326 1369 3418 ¹,

190 3445 194 3453 ’
219 3472 311 3532 aegre
339 3453 473 3512 euincas:
501 3450 552 3511 illo
576 3450 691 3529 quidem
715 3470 802 3511 uersu
827 3453 875 3530 qui
898 3459 1001 3527 caute,
1028 3468 1087 3510 non
1106 3435 1249 3527 temeres
1266 3470 1345 3533 rern-
1393 3426 1397 3437 ⁸

217 3577 308 3637 agere
333 3560 411 3636 cupit
433 3574 491 3616 non
514 3555 634 3617 debebit
655 3557 744 3615 inniti.
789 3556 887 3637 Atque
911 3557 1056 3635 llbergius
1079 3559 1109 3616 in
1132 3558 1204 3635 ipsis
1229 3557 1325 3619 Euhe-

217 3668 290 3726 meri
312 3644 613 3746 reliquiis-trocbaeos
634 3663 682 3723 uel
696 3665 905 3727 trochaeorum'
917 3651 1075 3743 particulas
1088 3665 1231 3742 detegere
1246 3668 1327 3726 uisus

218 3783 278 3833 cst:
303 3770 505 3851 quodeplura
523 3770 616 3830 dicam
636 3770 720 3848 inira,
741 3790 805 3831 cum
828 3772 863 3833 ad
886 3769 962 3830 hunc
984 3770 1080 3830 locum
1093 3772 1148 3831 erit
1160 3771 1326 3830 deuectum.

105 3942 108 3947 ,
216 3879 256 3940 At
285 3878 357 3940 illud
386 3878 538 3956 uitupero,
569 3878 647 3957 quod
675 3879 752 3940 idem
778 3878 885 3940 abusus
909 3878 995 3938 bona·
1014 3878 1186 3956 ceteroquin
1209 3878 1327 3938 coniec-

216 3998 280 4049 tura
321 3986 356 4046 lr.
390 3985 493 4064 XXV,
537 4004 595 4068 quo
633 3985 799 4048 Euhemero
835 3971 1017 4060 ascribatur,
1054 3985 1083 4043 in
1115 3993 1238 4046 metrum
1267 3994 1327 4045 tro·

217 4094 350 4156 chalcum
382 4093 538 4169 uiolentius
568 4095 725 4174 detorquet
757 4102 787 4153 et
819 4090 923 4153 eodem
955 4110 1092 4169 numero,
1129 4111 1187 4153 non
1219 4092 1326 4169 heroo,

127 4229 131 4238 ·
216 4219 303 4282 quem
332 4202 438 4281 recipit
464 4221 516 4263 sua
544 4211 650 4281 sponte
671 4200 851 4275 umbiculus,
880 4197 916 4258 ir.
939 4198 1035 4260 XXlV
1057 4199 1216 4260 dimetitur:
1240 4200 1326 4282 ,quod

209 4327 255 4372 eo
279 4289 438 4392 procliuius
462 4310 497 4371 ad
518 4308 637 4370 annales
656 4307 770 4384 'refero‚
793 4323 996 4383 annuemus,
1019 4324 1105 4386 quem
1127 4324 1191 4366 cum
1221 4304 1274 4365 illo
1297 4314 1327 4366 et
