2834 4988
212 436 286 486 xcn
609 428 927 498 QVAESTIONES

212 594 376 655 ostendunt.
420 591 478 653 Vel
502 592 577 654 haec
606 582 678 666 τοῦς
695 597 753 672 μῦς
773 587 869 667 Αἶνος
892 595 950 674 ἔχει
975 589 1136 675 milace,
1161 584 1280 677 ὄστρεῖα
1297 590 1327 656 d'

203 691 343 781 Ἄβυδος,
367 692 426 772 Τὰς
446 693 574 779 ἄρκτους
588 693 719 779 Πάριον,
741 692 811 774 τοὺς
831 700 865 762 di
884 695 988 775 κτένας
1008 696 1029 781 ἡ
1050 697 1224 783 Μιτυλήνη,
1243 704 1331 764 litet-

212 824 298 879 mooe
322 797 352 866 d’
373 795 538 887 Ἀμβρακία
569 800 691 886 παρέχει
715 827 780 867 cum
802 809 847 867 bis
868 808 1008 869 Ennianis
1030 826 1192 888 conpone:
1235 829 1331 869 mures

211 926 276 974 sunl
292 920 376 987 Aemi,
399 922 490 990 spr'rcc
510 928 603 975 ostrea
624 921 752 990 plurima
772 920 874 992 dimili,
896 921 949 975 Est
960 928 1061 994 peccem
1082 920 1236 995 Mitylenae
1255 935 1281 976 e.
1299 934 1328 994 q.

213 1037 238 1078 s.
263 1028 293 1078 et
315 1011 453 1081 medianos
473 1019 507 1080 ἔν
527 1042 557 1080 τε
579 1018 671 1104 Θάσῳ
690 1019 741 1081 καὶ
760 1021 859 1105 Καρίᾳ
882 1022 956 1083 siais
977 1018 1092 1103 ἄριστοι
1108 1022 1169 1084 Kal
1189 1016 1332 1105 Κέρκυρα

212 1119 311 1204 τρέφει
331 1118 459 1199 πολλοὺς
483 1122 629 1207 μεγάλους
649 1148 681 1186 τε
706 1118 740 1189 τὸ
759 1131 878 1207 πλῆθος
901 1148 966 1189 cum
986 1128 1087 1189 Ennii:
1112 1133 1240 1205 polpaprre
1261 1132 1329 1190 Cor·

212 1254 316 1310 cyrae,
339 1239 467 1293 cabrario
486 1239 600 1310 piopriis
619 1253 766 1311 ιιεαηωι,
788 1239 925 1313 Purpura
951 1240 1081 1295 musicali
1098 1254 1212 1307 murex,
1234 1240 1331 1294 dulces

213 1359 320 1415 quoque
348 1344 445 1399 echini·
488 1339 533 1399 De
562 1339 667 1398 finibus
695 1349 790 1399 anule
818 1359 853 1399 ac
888 1342 1013 1402 consilio
1042 1340 1177 1400 carminis
1206 1339 1331 1400 Enniani

212 1447 282 1507 nihil
306 1448 376 1507 licet
398 1466 436 1506 ex
456 1464 513 1506 uno
535 1446 614 1526 quod
644 1446 807 1525 Appuleius
828 1447 944 1508 tradidit
967 1449 1131 1527 fragmento
1156 1447 1327 1526 conligere:

128 1571 133 1579 ’
214 1573 269 1614 nec
295 1554 365 1615 illud
391 1554 582 1614 confidentius
608 1555 780 1614 adfirmarim
808 1564 920 1631 partem
943 1565 1104 1616 saturarum
1132 1574 1220 1631 esse,
1257 1555 1329 1614 licet

137 1653 142 1660 ’
213 1660 308 1721 Varro
329 1662 358 1720 in
376 1664 482 1720 saturis
502 1660 569 1741 περὶ
590 1653 757 1738 ἐδεσμάτων
779 1662 879 1736 egisse
901 1662 1039 1723 tradatur.
1082 1663 1123 1724 Δι
1145 1680 1252 1722 uersus
1269 1660 1328 1720 En·

213 1770 289 1828 niani
311 1768 493 1829 multifariam
516 1787 552 1829 ac
574 1766 663 1826 foede
686 1785 749 1825 cnm
772 1766 954 1828 librariorum
976 1771 1085 1831 incuria
1107 1779 1167 1831 tum
1189 1768 1328 1829 socordia

213 1876 355 1936 editorum
378 1876 529 1956 deprauati
558 1872 852 1935 circumferebantur:
884 1875 1071 1954 quiquidem
1095 1876 1257 1956 quamlibet
1275 1875 1328 1936 luc·

211 1993 408 2044 xametrorum
429 1982 585 2056 licentiam,
615 1983 698 2040 cuius
716 1980 786 2042 alibi
814 2000 869 2041 nec
889 1984 958 2044 nola
982 2002 1039 2043 nec
1060 1984 1217 2062 uestigium
1239 1983 1328 2062 adpa-

211 2091 311 2168 rebat,
330 2091 374 2150 bis
396 2090 531 2150 uersibus
553 2089 721 2148 concedere
742 2105 800 2147 non
819 2088 994 2150 dubitarunt.
1039 2090 1133 2164 Quam
1152 2106 1214 2169 ego
1236 2089 1328 2150 licen·

212 2200 279 2259 dam
301 2216 416 2258 omnem
439 2196 539 2275 expuli
562 2196 759 2273 confidenter,
795 2196 870 2256 adeo
902 2215 939 2257 ne
960 2197 1109 2257 andaciam
1131 2195 1250 2276 quidem
1274 2195 1327 2255 sli-

213 2324 297 2385 quam
332 2323 398 2365 cum
431 2305 543 2363 ratione
570 2303 725 2364 adhibitam
760 2304 972 2364 reformidans:
1007 2305 1035 2362 in
1069 2318 1128 2382 quo
1159 2319 1270 2361 uereor
1296 2311 1329 2361 ut

214 2429 359 2491 prospere
384 2411 476 2468 omnis
500 2410 568 2469 mihi
596 2410 760 2470 emendabo
784 2413 925 2471 cesserit:
952 2409 1040 2469 modo
1068 2408 1140 2469 illud
1161 2407 1326 2482 effecerim,

214 2527 245 2577 ut
265 2536 302 2577 ne
325 2519 390 2597 qais
410 2516 461 2577 ills
483 2527 563 2576 certa
590 2526 678 2596 alque
701 2519 807 2578 intacta
829 2517 992 2596 praedicet.

659 2770 787 2832 cAPvu
807 2769 877 2831 vill

296 2942 418 3005 Restant
441 2942 498 3002 duo
519 2940 585 3000 libri
607 2940 745 3017 Enniani,
769 2942 807 3002 de
829 2939 934 3019 quibus
953 2938 1126 2999 breuissime
1147 2955 1326 3018 expromere

212 3052 382 3110 sententiam
411 3050 520 3129 placet.
570 3046 821 3127 Epicharmus
843 3047 923 3124 (nam
956 3047 981 3104 is
1004 3055 1050 3106 est
1070 3045 1147 3106 slter
1165 3061 1268 3104 eornm
1291 3044 1327 3105 li·

212 3158 345 3237 brorum)
369 3160 424 3216 iam
445 3154 569 3215 dubitari
591 3156 691 3233 nequit
712 3156 780 3233 quin
802 3171 860 3213 uno
885 3161 978 3213 metro
1001 3152 1153 3212 trochaico
1176 3152 1326 3232 perscrip-

212 3276 258 3326 tus
291 3265 393 3339 fuerit,
429 3280 492 3322 curn
528 3270 558 3322 et
588 3279 689 3322 omnes
719 3263 768 3340 qui
799 3263 922 3322 ciisntur
954 3279 992 3319 ex
1019 3258 1194 3339 Epicharmo
1220 3276 1326 3318 uersus

212 3373 288 3432 hunc
302 3387 449 3430 numerum
466 3368 599 3446 prodant,
617 3378 646 3427 et
666 3383 809 3445 eosquos
827 3367 896 3427 olim
914 3367 961 3426 hic
975 3362 1218 3425 circumferebant
1236 3364 1326 3423 bexa-

211 3485 322 3537 metros
347 3475 432 3535 nobis
449 3477 681 3554 percusserimus
699 3493 737 3533 cx
753 3473 894 3533 annalium
910 3472 1033 3532 exordio
1051 3471 1222 3550 desumptas
1239 3488 1325 3530 esse:

214 3583 252 3643 cf.
276 3600 305 3661 p.
333 3580 415 3641 xxfl
444 3600 488 3660 sq.
534 3580 594 3640 Sed
623 3583 666 3640 eis
693 3583 812 3641 remotis
840 3598 877 3640 eo
902 3578 1049 3641 difficilius
1080 3585 1126 3637 est
1153 3575 1191 3635 de
1224 3574 1325 3635 indole

214 3689 348 3749 carminis
370 3687 466 3766 deque
496 3703 530 3746 ea
559 3688 688 3763 cutione,
716 3706 791 3767 quse
818 3687 940 3747 Ennium
966 3688 1042 3745 inter
1067 3693 1097 3744 et
1119 3681 1327 3762 Epicharmum

214 3796 432 3869 intercesserit,
455 3792 594 3854 iudicare.
639 3790 710 3853 Nsm
732 3795 810 3874 quod
832 3793 953 3854 Ennium
975 3791 1038 3851 siue
1055 3789 1189 3867 dispersa
1211 3789 1239 3847 in
1253 3787 1325 3868 Epi·

213 3900 322 3961 charmi
344 3899 505 3961 comoediis
522 3898 699 3978 philosophe
730 3900 807 3960 dicta
833 3898 1010 3978 compilasse
1037 3898 1100 3956 siue
1129 3894 1166 3956 ab
1189 3887 1258 3955 aliis
1282 3895 1324 3953 in·

214 4007 339 4067 siitutsm
377 4004 631 4085 Epicharmearum
665 4007 870 4065 sententiarum
908 4005 1123 4064 conlectionem
1155 4000 1324 4062 adhibuisse

214 4112 277 4171 sine
300 4111 425 4191 denique
444 4111 620 4187 singularem
640 4110 805 4189 Epicharmi
830 4109 897 4192 περὶ
928 4107 1044 4188 φύσεως
1065 4108 1169 4169 librum
1198 4125 1322 4169 conuer-

212 4219 284 4279 tisse
305 4219 435 4280 arbitrati
469 4227 550 4294 sunt,
583 4235 684 4277 eorum
720 4219 788 4277 nihil
815 4222 860 4277 est
901 4214 978 4292 qnod
1009 4216 1107 4293 aliquo
1135 4213 1322 4293 reliquiarum

213 4327 339 4388 adsensu
355 4323 573 4405 comprobetur.
609 4325 647 4385 At
660 4323 769 4384 Ennius
789 4323 874 4382 etism
889 4324 913 4383 si
928 4322 1072 4402 quaedam
1091 4319 1128 4382 ab
1144 4317 1322 4398 Epicharmo
