2834 4988
501 383 504 388 ’
600 390 953 454 TRAGOEDIARVM
1002 430 1005 435 ·

649 559 901 633 EVMENIDES

774 679 789 749 l

322 778 369 848 lta
389 779 508 869 sopere
531 780 631 870 opino
655 802 732 851 esse
751 781 938 871 optumum,
966 787 1002 853 ut
1022 805 1084 874 pro
1103 780 1228 852 uiribus

320 882 443 952 Tace're
464 906 502 953 ac
520 882 658 953 fabuliri
683 889 752 953 tute
770 884 915 957 noueris,

731 986 759 1056 Π
773 986 813 1023 11*

319 1152 327 1170 .
381 1101 489 1172 Erebo
510 1103 621 1173 crecta
641 1103 745 1174 fuscis
766 1090 910 1187 crinibu‘s
933 1108 1024 1192 Nox,
1052 1111 1085 1176 te
1108 1107 1238 1176 inuoco.

316 1320 385 1390 Nisi
405 1325 531 1413 patrem
552 1323 699 1393 materno
716 1325 881 1416 sanguine
899 1327 1104 1398 exanciando
1124 1327 1328 1396 ulciscerem.

232 1549 291 1611 185
318 1540 352 1610 ld
372 1562 438 1633 ego
460 1540 574 1610 aecum
595 1543 715 1614 fecisse
735 1544 898 1636 expedibo
923 1547 1021 1636 atque
1041 1543 1188 1639 eloquar.

735 1677 800 1747 V*
1166 1679 1169 1687 '

709 1799 833 1892 Apollo

317 1898 415 1970 Vnde'
433 1900 495 1971 sibi
513 1899 627 1992 populi
645 1906 678 1973 et
696 1903 797 1995 rc'ges
815 1899 989 1974 consilium
1008 1899 1178 1991 expetunt,
1221 1958 1225 1965 .

230 2033 235 2041 ·
315 2001 523 2074 summorum
544 2026 653 2074 rerum
676 2005 807 2089 incerti,
836 2026 921 2098 quos
939 2025 1006 2095 ego
1028 2003 1092 2095 ope
1111 2025 1185 2075 mea

244 2205 409 2256 Evuenroes
457 2208 468 2256 Ι
493 2207 591 2257 Nonius
611 2223 637 2273 p.
659 2207 763 2268 475‚3
794 2207 908 2272 ‘opino
936 2220 982 2270 pro
1009 2204 1100 2270 opinor
1198 2204 1326 2255 Pacuuius

211 2271 321 2340 Chryse:
341 2276 427 2327 inueni
446 2277 524 2343 opino
541 2292 597 2327 esse
615 2285 762 2343 optumum,
786 2277 888 2329 Orestes
908 2283 935 2324 ut
951 2276 1025 2325 heres
1045 2274 1092 2324 scd
1105 2281 1199 2324 tomen.
1227 2274 1326 2324 Ennius

209 2342 408 2396 Eumenidibus:
428 2354 512 2396 tacere
529 2347 606 2411 opino
627 2363 684 2397 esse
707 2347 851 2413 optumum·
873 2362 895 2395 e.
912 2362 936 2408 q.
954 2361 975 2394 s.
995 2343 1150 2411 (Orestes
1230 2351 1325 2409 optu-

209 2428 289 2463 mum
303 2431 354 2466 om.
370 2413 476 2481 Bemb.)
547 2417 570 2464 11
587 2416 682 2466 Paulus
697 2417 766 2467 Festi
779 2433 806 2484 p.
822 2414 857 2466 83
870 2414 904 2465 Μ.
926 2414 1081 2467 ‘Erebum
1099 2413 1231 2479 Vergilius
1245 2413 1324 2464 inter-

210 2482 270 2532 dum
283 2484 463 2535 obscuritatem
477 2485 604 2548 quandam
618 2501 675 2536 esse
687 2487 809 2537 describit
820 2485 891 2551 opud
903 2483 1000 2534 inferos
1073 2484 1155 2532 Vorro
1168 2497 1231 2533 uero
1239 2483 1323 2534 Erebo

210 2561 293 2602 notam
307 2553 411 2605 Noctem
426 2557 469 2604 ait.
499 2555 574 2604 Vnde
588 2562 663 2605 estet
684 2556 764 2606 iliud:
790 2554 907 2606 Erebo’
928 2570 950 2604 e.
965 2571 990 2617 q.
1005 2569 1026 2604 s.
1055 2553 1111 2602 Huc
1124 2551 1201 2602 refert
1216 2551 1246 2603 0.
1261 2553 1323 2603 Rib-

150 2648 153 2652 <
208 2621 314 2672 bcckius
334 2621 400 2674 conl.
422 2624 516 2675 Aesch.
536 2623 784 2676 Eum321et844
854 2626 889 2674 111
907 2623 1004 2673 Nonius
1024 2638 1050 2689 p.
1068 2620 1129 2682 292,
1150 2623 1182 2674 15
1207 2626 1324 2673 ‘exso-

209 2691 312 2752 olore‚
332 2693 470 2744 effundere.
500 2694 597 2743 Ennius
614 2694 799 2745 Eumenidibus
814 2695 870 2748 ...'
943 2694 978 2743 lV
994 2693 1091 2742 Nonius
1107 2689 1325 2758 p.bdb,8‘ex-

208 2762 332 2827 pedibo
353 2778 401 2828 pro
420 2763 567 2829 expediam.
600 2763 726 2814 Pacuuius
823 2762 961 2830 expedibo.
994 2763 1118 2812 Accius
1142 2761 1323 2828 Nyctegresis:

208 2841 299 2881 cuncto
314 2832 443 2898 expedibo
512 2833 608 2883 Ennius
622 2833 820 2884 Eumenidibus:
841 2834 868 2884 id
887 2833 949 2899 ego'
969 2848 991 2882 e.
1008 2849 1033 2895 q.
1049 2848 1070 2881 s.
1143 2832 1166 2879 V
1186 2829 1277 2882 Cicero
1291 2830 1323 2883 de
1357 2886 1362 2905 Ι

207 2909 270 2952 oroi.
286 2903 353 2962 145,
374 2900 422 2953 199
440 2903 517 2966 ‘quid
529 2911 568 2952 est
582 2904 649 2953 enim
660 2903 833 2969 praeclarius,
858 2917 932 2966 quom
950 2902 1091 2951 horroribus
1109 2908 1133 2950 et
1147 2901 1184 2951 rei
1202 2899 1323 2966 publicae

206 2971 354 3022 muneribus
380 2971 542 3038 perfunctum
563 2987 650 3023 senem
671 2988 749 3038 posse
769 2989 815 3024 suo
836 2974 891 3022 iure
911 2971 995 3021 dicere
1017 2971 1101 3030 idern,
1129 2968 1214 3033 quod
1238 2969 1323 3037 opud

206 3041 341 3093 Ennium
360 3043 449 3094 diost
468 3042 677 3107 iilePythius
694 3042 828 3109 Apollo,
848 3057 881 3092 se
899 3056 972 3091 esse
991 3056 1072 3100 eum,
1092 3040 1174 3090 unde
1190 3039 1275 3101 sibi,
1293 3039 1322 3090 si

206 3126 267 3162 non
286 3112 403 3178 populi
424 3121 453 3161 et
471 3127 582 3178 reges,
603 3120 633 3160 st
651 3127 761 3163 omnes
775 3114 826 3162 sui
841 3113 932 3161 ciues
951 3110 1130 3160 consilium
1152 3109 1320 3175 expetant'

205 3198 228 3233 e.
243 3198 268 3245 q.
283 3198 304 3232 s.
336 3182 414 3232 Deest
428 3182 471 3231 hic
492 3182 564 3231 locus
584 3182 676 3231 ioErl.
697 3197 720 3232 o.
754 3180 939 3232 Eumenidibus
959 3179 1101 3246 assignsuit
1121 3177 1150 3228 O.
1163 3178 1322 3230 Ribbeokius

248 3392 298 3446 181
320 3403 363 3459 oq.
396 3386 506 3458 Scripsi
527 3402 565 3442 eor
589 3385 620 3442 0.
644 3385 788 3442 Ribbeckii
806 3385 1000 3440 emendatione.
1029 3390 1123 3438 tacere
1146 3380 1233 3454 opino
1256 3397 1320 3439 esse

204 3478 347 3542 optumum
359 3478 387 3525 et
395 3488 447 3542 pro
461 3473 566 3527 uiribus
579 3487 681 3542 sapere
691 3478 775 3542 alque
786 3470 857 3537 libri,
871 3471 926 3524 nebi
934 3469 1010 3541 quod
1018 3474 1145 3539 optutum
1162 3468 1206 3524 W.
1219 3481 1321 3538 sapere

204 3553 269 3611 es'se
285 3557 385 3627 opinor
406 3558 541 3626 optimum
565 3571 616 3624 pro
637 3557 759 3611 uiribus:
784 3555 891 3609 Tacere
911 3570 944 3608 eo
964 3553 1080 3608 Botbien
1167 3556 1217 3610 182
1239 3552 1321 3608 fobu«

203 3641 312 3696 latitate
338 3640 436 3694 Bomb.
523 3643 574 3698 183
604 3640 694 3695 Erebo
720 3645 868 3711 procreata
893 3641 1027 3710 proponit
1053 3636 1085 3693 O.
1113 3635 1278 3692 nomem

246 3729 296 3783 185
318 3741 416 3779 aecum
440 3725 543 3778 iecisse
562 3722 593 3777 0.
609 3723 781 3779 Ribbeckins.
805 3740 903 3779 cecum
926 3723 1021 3777 accius
1045 3724 1147 3776 iecisse
1173 3720 1250 3791 libri,
1278 3719 1319 3793 cf.

201 3824 290 3881 supro
376 3811 492 3880 eloquor
517 3808 554 3862 W
637 3813 687 3868 186
711 3810 835 3864 Primum
852 3825 870 3861 o
889 3807 986 3882 Botbio
1010 3821 1048 3861 ex
1070 3807 1200 3863 Cicerone
1223 3810 1319 3863 erum

201 3908 314 3963 uersos,
342 3894 420 3948 cunco
433 3893 544 3949 dumam
555 3893 638 3965 fidem
656 3909 716 3949 esse
732 3892 762 3949 θ.
781 3891 945 3949 Ribbeckiuo
959 3897 1064 3946 censet:
1084 3889 1195 3964 quondo
1208 3888 1318 3946 rom

198 3978 326 4050 pluribus
336 3978 457 4049 formose
462 3979 631 4050 populorum
641 3993 790 4052 reponique
800 3981 965 4033 concursioni
976 3977 1159 4031 exornaverit
1233 3972 1317 4046 *unde

202 4064 256 4119 sibi
274 4063 369 4134 populi
392 4069 419 4116 et
438 4079 522 4134 reges
542 4062 668 4119 Albertus
682 4063 805 4135 Lanyiuo
826 4061 936 4130 Quoeot.
957 4067 1035 4116 metr.
1053 4079 1085 4133 p.
1101 4065 1145 4118 20.
1165 4058 1242 4113 unde
1263 4057 1316 4114 sibi

201 4148 280 4204 ciues
296 4163 396 4202 omnes
416 4147 532 4203 Botbnio
618 4151 667 4207 187
689 4164 859 4204 summarum
873 4146 1115 4217 anomorsinioni
1130 4157 1233 4200 omnes.
1252 4159 1317 4199 sos·

200 4249 263 4288 rum
289 4247 459 4288 summarum
488 4232 556 4288 Gud.
578 4232 593 4286 b
616 4232 715 4287 Eric
744 4233 836 4303 suppl.
867 4247 981 4285 suarum
1003 4232 1088 4285 ceteri
1171 4244 1226 4299 ope
1252 4242 1316 4282 mes

202 4315 338 4389 Betit'pius
352 4315 427 4373 Ooni.
442 4319 471 4373 in
485 4317 625 4388 Arebtoph.
638 4334 672 4387 p·
685 4318 729 4375 72.
749 4333 811 4370 mea
828 4331 881 4386 ope
896 4314 959 4369 libri
1161 4314 1168 4327 “
