2834 4988
559 372 912 432 ressuscitavit

645 540 827 616 rutam

731 681 746 751 l

283 905 367 997 Ego
385 905 482 974 deum
501 926 612 997 genus
625 798 852 994 essieelsaeiitirer
870 900 938 970 dixi
956 905 989 969 et
1006 900 1113 968 dicam
1129 896 1297 981 caelitum,

285 1007 353 1078 de
386 1030 446 1079 eos
480 1030 547 1078 nou
571 1009 689 1078 curare
714 1005 849 1098 opinor,
892 1003 971 1097 quid
1006 1007 1087 1094 agat
1116 1002 1298 1071 humanum

196 1221 259 1284 355
285 1213 368 1284 Nam
394 1213 423 1284 si
447 1218 579 1298 curent,
615 1212 700 1283 bene
724 1212 821 1284 bouis
840 1129 1027 1295 {ilduinale
1056 1208 1169 1295 malis,
1206 1208 1300 1301 quod

725 1417 754 1489 ss
844 1314 932 1384 nunc
954 1313 1058 1383 abest

287 1536 354 1607 de
374 1536 596 1628 superstitidsi
616 1541 713 1608 uates
734 1536 999 1629 {npudentesque
1017 1532 1121 1618 arioli,

285 1640 355 1709 Aut
373 1640 495 1710 inertes
512 1643 569 1711 aut
587 1641 693 1711 insani
711 1645 769 1710 aut
787 1641 910 1734 quibus
926 1643 1064 1731 egestas
1084 1636 1233 1728 imperat,

287 1742 353 1827 Qui
371 1743 432 1812 sibi
451 1745 601 1814 semitam
618 1767 685 1815 nnn
707 1744 857 1836 sapiunt,
881 1740 975 1811 alteri
996 1741 1181 1811 monstrant
1200 1740 1300 1823 uiam,

287 1846 416 1930 Quibus
446 1847 577 1918 diuitias
607 1848 821 1940 pellicentur‚
856 1847 898 1916 ab
926 1845 975 1914 eis
1000 1844 1211 1915 drachumam
1236 1843 1304 1934 ipsi

198 2059 260 2122 360
288 2051 349 2143 [De
379 2052 432 2123 his
461 2052 583 2123 diuitiis
613 2053 676 2124 sibi
702 1953 1125 2135 deducanietdidehumam
1162 2048 1302 2118 reddant

848 2153 981 2247 cetera]

706 2254 778 2327 ΠΙ*

675 2375 811 2446 Telamo

288 2477 374 2570 'Ege
391 2500 466 2548 cum
483 2479 601 2571 genui,
622 2480 693 2548 tum
711 2480 889 2550 monturos
905 2477 988 2548 sciui
1006 2475 1086 2546 etei
1105 2473 1152 2543 rei
1170 2473 1303 2544 sustuli.
1329 2530 1332 2536 .

221 2679 341 2728 ΤῑιΑΙο
376 2679 796 2742 lGicerodediu.1150,10⁴
825 2686 872 2732 ‘an
891 2690 977 2731 uester
998 2679 1113 2729 Ennius?
1142 2678 1186 2740 qui
1209 2691 1305 2743 magua

187 2747 281 2814 plausu
293 2748 404 2811 loquitur
416 2749 570 2800 assentiente
583 2753 680 2817 populo
697 2751 769 2819 [353.
784 2751 858 2818 354}
894 2752 926 2802 Et
944 2749 1048 2814 quidem
1065 2763 1110 2797 cur
1124 2748 1163 2797 sic
1175 2748 1306 2812 opinetur,

188 2819 311 2868 rationem
330 2819 434 2868 subicit.
469 2817 522 2869 Sed
536 2819 600 2871 nihil
614 2831 653 2871 est
664 2837 769 2873 necesse
783 2823 871 2873 dicere
887 2837 952 2884 quae
967 2827 1120 2882 sequuntur:
1147 2826 1245 2866 tautum
1264 2825 1306 2866 sat

188 2896 228 2938 est
242 2887 372 2955 intellegi,
392 2887 419 2940 id
433 2904 534 2939 sumere
550 2891 615 2941 istos
632 2907 680 2958 pro
693 2902 778 2953 certo,
796 2893 865 2956 quod
876 2891 984 2942 dubium
997 2898 1239 2950 controueraumque
1251 2888 1305 2936 sit!

189 2957 259 3008 idem
276 2957 309 3009 de
325 2957 619 3021 nat.dcor.11132‚79
636 2962 757 3013 ‘Telamo
775 2972 860 3012 autem
877 2975 927 3010 unc
946 2975 1022 3010 uersu
1042 2967 1123 3008 totum
1142 2958 1226 3007 locum
1244 2971 1305 3007 ccu-

188 3028 254 3089 fleit,
275 3043 321 3078 eur
338 3028 365 3078 di
385 3027 503 3079 homines
521 3029 659 3097 neglegam
679 3029 775 3098 [35513
807 3033 877 3082 ruem
896 3032 929 3081 ue
948 3031 1002 3080 uu.
1019 3031 1027 3078 1
1045 3028 1089 3088 aa,
1107 3026 1157 3077 raa
1168 3026 1217 3092 (er.
1234 3024 1270 3091 u)

226 3099 248 3147 ll
267 3097 356 3149 Cicero
371 3099 404 3149 de
417 3099 472 3149 diu.
487 3100 497 3148 l
512 3098 620 3158 58,132
638 3104 720 3152 ‘uuuc
735 3102 781 3152 illa
797 3102 924 3161 testabor,
942 3114 992 3149 nou
1011 3114 1052 3148 me
1070 3097 1207 3163 sortilegos
1221 3111 1306 3159 neque

188 3182 247 3228 cos,
266 3169 310 3231 qui
323 3175 445 3232 quaestus
456 3184 535 3219 causa
546 3170 686 3221 ariolantur
751 3187 900 3238 agnoscere.
933 3169 989 3219 lt'cu
1001 3169 1084 3219 habeo
1104 3167 1215 3229 denique
1230 3166 1306 3215 nauci

190 3237 300 3288 Marsum
324 3253 462 3304 augurem,
487 3252 537 3289 uon
555 3240 664 3292 uicauos
683 3243 833 3308 aruspices,
857 3255 908 3290 uon
929 3239 962 3290 de
982 3240 1049 3288 circo
1071 3236 1228 3302 astrologos,
1254 3250 1305 3285 nou

190 3309 286 3357 isiacos
311 3309 482 3367 coniectores,
512 3324 562 3358 uon
584 3310 736 3379 interpretes
756 3313 924 3362 somniorum.
961 3308 1017 3360 Nou
1042 3309 1111 3357 euim
1131 3315 1189 3356 suut
1210 3304 1238 3354 hi
1261 3314 1308 3354 ant

189 3378 297 3428 scientia
308 3387 351 3427 aut
365 3386 419 3428 arte
434 3378 532 3439 diuini,
551 3380 608 3431 sed
621 3382 864 3447 superstitiosi’
879 3398 903 3431 e.
919 3395 944 3442 q.
957 3395 980 3429 s.
1010 3378 1110 3441 ‘Atque
1123 3376 1187 3426 haec
1201 3375 1306 3439 quidem

191 3447 303 3506 Ennius,
327 3448 372 3528 pul
393 3449 484 3514 paucis
503 3456 562 3499 aute
579 3452 698 3502 uersibus
716 3466 790 3501 esse
809 3452 886 3501 deos
905 3457 1006 3508 censet,
1032 3447 1090 3498 sed
1105 3462 1159 3497 eos
1172 3459 1234 3496 uon
1251 3461 1306 3494 cu·

191 3531 261 3636 lt:
280 3517 1142 3655 latitettillidi“talliarumdidm
1156 3515 1306 3638 liedda

231 3797 285 3853 356
306 3793 358 3850 sed
374 3796 483 3850 ‘utrum
492 3793 579 3851 Ennii
590 3798 626 3853 sit
639 3815 678 3853 an
689 3798 828 3855 eccene
841 3799 963 3856 mutari
972 3801 1073 3873 poasc'
1092 3797 1125 3854 0.
1141 3795 1308 3853 Ribbeckr'ur

189 3884 280 3935 menet
342 3877 512 3952 inpudentes
525 3879 604 3937 lead.
620 3882 796 3954 impudentes
811 3888 896 3941 ceteri
907 3885 971 3940 liert
1052 3887 1106 3942 359
1120 3881 1306 3955 drachumam

197 3964 277 4021 Vt'ml
294 3981 370 4022 corr.
392 3964 488 4020 cadem
507 3982 603 4023 manu.
624 3968 768 4024 dracmam
788 3969 864 4026 leid.
889 3970 1035 4042 dragmam
1056 3968 1120 4023 Erl.
1142 3966 1306 4022 drachmam

191 4051 286 4106 ceteri.
313 4048 358 4122 Os.
386 4046 553 4107 Bitschstius
575 4051 651 4110 Mur.
674 4053 773 4125 philol.
800 4054 860 4112 VII
886 4059 938 4114 559
957 4070 1018 4128 sqq.
1115 4051 1233 4108 Versum
1252 4055 1309 4110 360

194 4134 224 4190 0.
252 4133 418 4191 Balbeekiur
444 4141 584 4209 tamquam
611 4139 735 4196 ‘tectoria
760 4141 879 4197 almam
899 4142 1016 4196 lacesse
1038 4139 1199 4210 ecnfietmn’
1226 4139 1308 4192 reads

191 4221 301 4276 mdrm't
395 4218 578 4277 drachumam
603 4222 680 4280 Leia.
714 4224 861 4297 dragmam
892 4226 954 4281 Erl.
985 4224 1149 4281 drachmam
1178 4223 1266 4278 ceteri

233 4308 285 4372 361
300 4306 463 4369 moriturum
475 4306 590 4376 Seneca,
607 4309 747 4371 operm
759 4311 823 4369 libri
831 4312 982 4371 menum
1068 4309 1106 4381 ei]
1121 4306 1186 4364 huic
1199 4307 1309 4367 Sem
