2834 4988
587 375 830 459 ΙΕΝΝΙΑΝΑΕ
1179 389 1266 437 mx

155 557 214 600 non
246 556 399 616 numquam
429 538 456 596 in
486 540 558 618 ipsis
588 539 725 600 librorum
753 541 840 599 initiis
865 541 985 601 deorum
1020 543 1184 603 contionem
1215 562 1265 604 ex·

157 647 265 726 pandit.
288 643 334 705 Gi.
349 642 382 704 ll.
407 648 435 704 Δ
460 645 470 703 1
498 664 564 725 sqq.
590 649 616 707 Θ
644 647 655 706 1
682 665 747 725 οηη.
770 645 845 731 ΙΜεο
869 648 1001 725 periculo
1024 648 1060 708 [ι.
1081 647 1121 707 lll
1143 651 1171 708 in
1190 648 1266 709 huuc

155 751 260 811 librum
279 751 375 813 intuli:
406 769 464 829 quo
489 752 662 813 Postumium
683 770 847 830 agnoscere
865 753 1000 828 uidebar,
1023 755 1071 832 qui
1093 753 1208 831 legatus
1231 755 1265 816 ad

156 856 331 917 Tarentinos
354 858 475 934 missus,
505 877 569 918 cum
592 859 717 919 ludibrio
740 858 776 918 ah
798 858 854 918 illis
877 858 989 918 habitus
1014 859 1205 940 obsceneque
1226 863 1266 921 iu·

155 964 280 1023 saltatus
309 973 407 1039 esset,
447 974 508 1024 atra
541 965 690 1044 maleque.
709 967 831 1024 ominata
867 964 1056 1043 (³ohseena'
1092 985 1167 1045 quae
1196 967 1267 1027 dicit

156 1075 261 1148 poeta:
282 1070 322 1129 ol.
340 1067 524 1130 Porcelliuus
546 1090 570 1130 s.
590 1072 634 1150 u.)
656 1071 747 1131 uerba
766 1071 897 1151 prolatus
914 1082 960 1132 est
973 1076 1073 1152 γελᾶτε
1091 1071 1144 1146 ἕως
1159 1071 1268 1147 ἔξεστιν

154 1166 244 1253 ὑμῖν,
267 1167 373 1257 δι’νδρες
389 1179 581 1256 Ταραντῖνοι,
603 1180 718 1256 γελᾶτε·
741 1168 837 1238 πολύν
853 1168 911 1258 γὰρ
925 1170 977 1240 τὸν
995 1169 1066 1257 μετὰ
1084 1182 1176 1238 ταῦτα
1198 1173 1265 1258 χρό-

156 1303 211 1341 νον
236 1273 450 1343 κλαύσετε
474 1278 524 1342 καὶ
551 1280 602 1342 ἵνα
625 1304 657 1363 γε
684 1287 797 1362 μᾶλλον
824 1273 1061 1363 ύγανακτήσητε,
1096 1282 1147 1343 καὶ
1175 1275 1264 1344 τοῦθ’

154 1378 229 1465 ύμῖν
256 1384 393 1467 λέγομεν,
421 1378 465 1447 ὅτι
492 1390 592 1467 πολλῷ
617 1379 672 1466 τὴν
702 1387 813 1467 ἐσθῆτα
836 1386 946 1468 ταύτην
971 1391 1071 1469 αἵματι
1090 1387 1266 1450 δκπλυνεῖτε.

156 1493 316 1568 Dionysius
354 1492 446 1553 Halia.
481 1491 555 1553 Ειιο.
586 1491 668 1553 XVll
698 1492 726 1553 8.
758 1492 802 1554 ot.
838 1496 967 1556 Zonaras
994 1496 1109 1561 Vlll2
1145 1514 1175 1574 p.
1208 1496 1266 1556 too·

157 1602 204 1666 ed.
234 1601 325 1661 Boun.
369 1598 480 1661 Indicto
510 1598 590 1659 bello
620 1597 768 1659 Tarentini
797 1600 932 1663 ‘Graium
961 1604 1123 1677 hominem,
1154 1620 1265 1679 regem,
1364 1675 1367 1679 Ι

157 1710 275 1768 nomine
302 1707 439 1767 Burrum’
469 1712 620 1764 arcessunt
643 1702 707 1780 (tv.
730 1705 788 1784 V):
822 1709 870 1786 qui
899 1714 981 1769 ‘cum
1009 1709 1158 1787 imperium
1187 1707 1266 1767 orbis

158 1814 285 1890 agitaret
313 1820 343 1871 et
371 1810 519 1871 Romanos
549 1819 685 1888 potentes
713 1812 857 1888 uideret’‚
888 1813 1055 1892 Apollinem
1083 1814 1120 1875 de
1148 1814 1266 1891 incepto

157 1936 213 1979 suo
241 1916 395 1981 consuluit.
440 1916 510 1977 Eius
533 1918 706 1977 auctoritate
730 1919 847 1997 ancipiti
870 1929 899 1979 et
924 1920 1057 1996 ambigua
1080 1918 1268 1997 inprudenter

158 2023 251 2083 fretus
269 2021 347 2101 (Vll.
364 2022 446 2102 Vlll)
472 2027 555 2082 ‘cum
579 2024 647 2081 totis
665 2023 773 2083 uiribus
789 2023 871 2102 Epiri
889 2023 1059 2083 Thessaliae
1077 2021 1268 2083 Macedoniae

157 2128 374 2206 incognitisque
403 2129 431 2188 in
460 2129 489 2188 id
517 2138 631 2207 tempus
662 2129 845 2208 elephantis'
875 2129 1039 2189 in'ltaliam
1067 2128 1193 2193 aduenit.
1221 2126 1267 2190 Cf.

158 2232 265 2294 Florus
293 2233 370 2313 Epit.
392 2232 405 2293 l
429 2234 466 2295 13
495 2254 525 2314 p.
548 2234 588 2293 22
615 2234 699 2294 Jahn.
744 2234 789 2295 Αο
812 2233 913 2310 Pyrrhi
940 2232 1114 2311 elephantos
1143 2252 1180 2295 eo
1202 2253 1267 2295 uer·

158 2339 254 2399 siculo
285 2357 370 2417 quem
391 2340 428 2400 de
451 2340 614 2420 elephantis
643 2341 748 2400 elatum
772 2341 892 2400 Seruius
913 2341 940 2397 in
960 2338 1034 2399 Aen.
1054 2338 1097 2398 lV.
1119 2341 1180 2400 404
1210 2349 1268 2401 tes·

160 2453 239 2505 tatur
265 2451 286 2504 it
316 2453 426 2522 ciprum
454 2453 560 2523 campis
589 2466 687 2523 αρνιοιι
719 2447 791 2523 (inc.
823 2447 886 2505 sed.
914 2444 1011 2524 XVll)
1042 2445 1098 2506 dici
1128 2446 1266 2513 conicias.

159 2550 288 2626 Pyrrhus
314 2562 410 2612 autem
430 2571 494 2612 oum
513 2553 688 2612 iuuentutem
711 2551 894 2612 'larentinam
915 2551 1089 2610 insolentem
1111 2559 1196 2610 antea
1218 2552 1269 2611 mi·

159 2657 241 2717 litiae
269 2657 306 2717 ad
332 2675 410 2719 arma
434 2668 557 2735 cogeret
586 2676 708 2736 eamque
730 2659 865 2717 inuidiam
893 2655 1067 2715 ‘satellitum
1091 2656 1269 2733 quorundam

158 2763 307 2839 regiorum
329 2765 536 2843 intemperies’
560 2773 700 2841 augeret,
723 2766 789 2824 inde
810 2762 1029 2823 Tarentinorum
1051 2761 1155 2820 ciuium
1176 2762 1270 2821 taedia

161 2887 197 2928 ac
219 2869 371 2947 querellae
386 2869 566 2930 occultiores
581 2878 677 2929 ortae:
702 2857 806 2928 αἰπεῖπε
825 2861 854 2927 δ’
879 2859 979 2940 αὐτοῖς
996 2863 1047 2925 καὶ
1065 2857 1137 2947 πρὸς
1157 2858 1269 2944 συμπό-

160 2991 213 3036 σια
238 2972 289 3035 καὶ
319 2968 436 3055 κώμους
460 2964 671 3054 ἀθροίζεσθαι,
697 2972 748 3034 καὶ
775 2964 843 3045 τοὺς
868 2973 1024 3051 νεωτέρους
1043 2967 1075 3029 ἐν
1091 2973 1151 3042 τοῖς
1171 2963 1272 3041 ὅπλοις

162 3070 323 3143 ύσκεῖσθαι
342 3079 474 3142 ἐκέλευεν
498 3069 520 3160 ἦ
539 3070 721 3161 διημερεύειν
742 3070 817 3138 κατὰ
837 3069 892 3156 τὴν
918 3067 1041 3155 ἆγορύν.
1083 3067 1123 3146 οἷς
1143 3072 1176 3134 δέ
1195 3096 1271 3147 τινες

163 3179 326 3265 ύχθύμενοι
345 3180 458 3258 τούτοις
475 3179 685 3266 ύπεχύρησαν,
707 3175 857 3264 φρουρούς
878 3179 911 3241 ἐκ
930 3183 989 3240 τῶν
1002 3177 1119 3239 οἰκείων
1134 3176 1270 3257 κατέστη

164 3309 231 3369 σεν,
268 3284 340 3352 ὥστε
358 3278 478 3371 ’μηδένα
503 3289 609 3367 ἐξιέναι
636 3294 687 3371 τῆς
709 3283 828 3362 πόλεως.
861 3289 892 3348 οἱ
913 3284 945 3347 δὲ
965 3279 1077 3356 τούτοις
1102 3304 1132 3344 τε
1161 3281 1213 3344 καὶ
1236 3289 1272 3369 τῇ

164 3397 288 3482 χορηγίᾳ
312 3399 371 3457 τῶν
392 3400 512 3477 τροφῶν
533 3392 799 3479 βαρυνόμενοι
821 3393 1033 3473 μετεγίνοισκον
1059 3383 1200 3451 δεσπότου
1222 3389 1272 3451 καὶ
1392 3424 1398 3435 ·

164 3501 231 3583 ούχδ
253 3497 407 3582 συμμάχου
428 3507 480 3564 τοῦ
502 3497 627 3585 Πύρρου
648 3497 831 3584 πειρώμενοι.
878 3501 1007 3561 Zonaras
1028 3494 1097 3555 Vlll
1119 3495 1137 3555 2
1158 3515 1186 3576 p.
1212 3497 1272 3556 109
1388 3525 1393 3535 ·

165 3611 212 3673 ed.
234 3611 325 3671 Bonu.
351 3606 396 3673 ct.
419 3609 588 3669 Plutarchus
611 3608 712 3683 Pyrrhi
735 3626 760 3672 c.
786 3609 824 3668 to
846 3616 875 3667 et
898 3603 1049 3684 Appianus
1064 3600 1137 3662 Exc.
1153 3603 1272 3667 Samnit,

165 3717 229 3778 Huc
250 3717 338 3794 igitur
359 3715 459 3775 refero
481 3715 517 3775 ir.
541 3714 592 3787 Vl,
615 3714 693 3791 quod
716 3715 863 3793 posterius
886 3712 1009 3790 septimo
1034 3718 1199 3786 octauoque
1221 3726 1272 3787 po·

166 3841 238 3884 nere
270 3820 423 3886 debebam.
478 3820 587 3881 Romae
619 3821 742 3897 interea,
784 3820 862 3898 quod
896 3816 1024 3878 conditio
1052 3816 1094 3873 rei
1123 3813 1272 3890 exigebat,

168 3931 340 4009 adparatus,
356 3939 387 3989 ut
402 3927 507 3988 Florus
521 3926 602 4005 Epit.
619 3924 631 3984 l
649 3925 685 3985 13
705 3941 733 4001 p.
753 3920 792 3980 22
809 3920 892 3981 Jahn.
912 3922 967 3996 ait,
982 3918 1145 3979 horribilis:
1162 3919 1198 3977 de
1215 3934 1272 3996 quo

169 4037 255 4116 paulo
269 4035 352 4115 plura
368 4032 489 4093 Orosius
512 4032 552 4092 lv
570 4032 580 4089 l
608 4029 707 4090 tradit:
730 4033 828 4087 bellum
843 4034 937 4104 impons
952 4036 1079 4085 eaortum
1093 4034 1134 4082 est
1149 4021 1273 4100 (Paren-

170 4142 255 4201 tinum
270 4141 368 4220 dicit).
392 4144 533 4200 Romanos
553 4144 602 4214 qui
621 4141 769 4212 patentique
789 4137 879 4193 hostes
894 4138 1154 4204 eircurustrcpcrout
1162 4145 1274 4203 perme-
1309 4130 1313 4135 ’

171 4255 261 4308 mentm
287 4253 382 4307 ullium
410 4251 502 4321 adopit
525 4250 675 4303 necessitas
696 4246 864 4317 proletarios
890 4256 996 4314 ηιιοιμιο
1017 4242 1045 4293 in
1067 4254 1147 4292 ανιιιο
1169 4249 1273 4305 copore,

210 4354 323 4409 Ειιιιινε.
1048 4332 1066 4390 d
