<?xml version="1.0" encoding="UTF-8"?>
<!DOCTYPE html PUBLIC "-//W3C//DTD XHTML 1.0 Transitional//EN"
    "http://www.w3.org/TR/xhtml1/DTD/xhtml1-transitional.dtd">
<html xmlns="http://www.w3.org/1999/xhtml" xml:lang="en" lang="en">
 <head>
  <title>
</title>
<meta http-equiv="Content-Type" content="text/html;charset=utf-8" />
  <meta name='ocr-system' content='tesseract 3.04.00' />
  <meta name='ocr-capabilities' content='ocr_page ocr_carea ocr_par ocr_line ocrx_word'/>
</head>
<body>
  <div class='ocr_page' id='page_1' title='image "./ennicanpoesisre00ennigoog_0148.png"; bbox 0 0 2834 4988; ppageno 0'>
   <div class='ocr_carea' id='block_1_1' title="bbox 563 414 805 486">
    <p class='ocr_par' dir='ltr' id='par_1_1' title="bbox 563 414 805 486">
     <span class='ocr_line' id='line_1_1' title="bbox 563 414 805 486; baseline -0.008 -12"><span class='ocrx_word' id='word_1_1' title='bbox 563 414 805 486; x_wconf 67' lang='lat' dir='ltr'>tintinnire</span> 
     </span>
    </p>
   </div>
   <div class='ocr_carea' id='block_1_2' title="bbox 141 584 996 776">
    <p class='ocr_par' dir='ltr' id='par_1_2' title="bbox 141 584 996 776">
     <span class='ocr_line' id='line_1_2' title="bbox 624 584 737 655; baseline -0.027 0"><span class='ocrx_word' id='word_1_2' title='bbox 624 584 737 655; x_wconf 86' lang='lat' dir='ltr'>XXIV</span> 
     </span>
     <span class='ocr_line' id='line_1_3' title="bbox 141 701 996 776; baseline -0.004 0"><span class='ocrx_word' id='word_1_3' title='bbox 141 715 202 776; x_wconf 85' lang='grc'>300</span> <span class='ocrx_word' id='word_1_4' title='bbox 231 758 487 773; x_wconf 93' lang='grc'><strong>.....</strong></span> <span class='ocrx_word' id='word_1_5' title='bbox 542 702 675 772; x_wconf 88' lang='lat' dir='ltr'>Poenos</span> <span class='ocrx_word' id='word_1_6' title='bbox 693 701 821 770; x_wconf 85' lang='lat' dir='ltr'>Didone</span> <span class='ocrx_word' id='word_1_7' title='bbox 838 703 996 774; x_wconf 87' lang='lat' dir='ltr'>oriundos</span> 
     </span>
    </p>
   </div>
   <div class='ocr_carea' id='block_1_3' title="bbox 565 1004 801 1284">
    <p class='ocr_par' dir='ltr' id='par_1_3' title="bbox 565 1004 801 1284">
     <span class='ocr_line' id='line_1_4' title="bbox 565 1004 801 1087; baseline 0 -1"><span class='ocrx_word' id='word_1_8' title='bbox 565 1004 725 1087; x_wconf 78' lang='lat' dir='ltr'>ttuutt</span> <span class='ocrx_word' id='word_1_9' title='bbox 755 1005 801 1086; x_wconf 88' lang='lat' dir='ltr'>tx</span> 
     </span>
     <span class='ocr_line' id='line_1_5' title="bbox 682 1214 697 1284; baseline 0 0"><span class='ocrx_word' id='word_1_10' title='bbox 682 1214 697 1284; x_wconf 90' lang='lat' dir='ltr'>i</span> 
     </span>
    </p>
   </div>
   <div class='ocr_carea' id='block_1_4' title="bbox 181 1330 1066 2028">
    <p class='ocr_par' dir='ltr' id='par_1_4' title="bbox 231 1330 1045 1533">
     <span class='ocr_line' id='line_1_6' title="bbox 231 1330 1045 1424; baseline 0 -24"><span class='ocrx_word' id='word_1_11' title='bbox 231 1330 399 1424; x_wconf 84' lang='lat' dir='ltr'>[Fortuna]</span> <span class='ocrx_word' id='word_1_12' title='bbox 424 1332 517 1402; x_wconf 85' lang='lat' dir='ltr'>uaria</span> <span class='ocrx_word' id='word_1_13' title='bbox 536 1333 655 1403; x_wconf 80' lang='lat' dir='ltr'>ualidis</span> <span class='ocrx_word' id='word_1_14' title='bbox 673 1354 748 1402; x_wconf 89' lang='lat' dir='ltr'>cum</span> <span class='ocrx_word' id='word_1_15' title='bbox 767 1331 892 1400; x_wconf 90' lang='lat' dir='ltr'>uiribus</span> <span class='ocrx_word' id='word_1_16' title='bbox 914 1331 1045 1402; x_wconf 82' lang='lat' dir='ltr'>luctant.</span> 
     </span>
     <span class='ocr_line' id='line_1_7' title="bbox 653 1463 711 1533; baseline 0 0"><span class='ocrx_word' id='word_1_17' title='bbox 653 1463 711 1533; x_wconf 84' lang='grc' dir='ltr'>ΙΙ*</span> 
     </span>
    </p>

    <p class='ocr_par' dir='ltr' id='par_1_5' title="bbox 229 1578 1059 1782">
     <span class='ocr_line' id='line_1_8' title="bbox 229 1578 1059 1672; baseline 0.001 -24"><span class='ocrx_word' id='word_1_18' title='bbox 229 1578 343 1648; x_wconf 90' lang='lat' dir='ltr'>Liuius</span> <span class='ocrx_word' id='word_1_19' title='bbox 362 1578 438 1650; x_wconf 93' lang='lat' dir='ltr'>inde</span> <span class='ocrx_word' id='word_1_20' title='bbox 457 1579 541 1650; x_wconf 89' lang='lat' dir='ltr'>redit</span> <span class='ocrx_word' id='word_1_21' title='bbox 560 1601 683 1672; x_wconf 79' lang='lat' dir='ltr'>magno</span> <span class='ocrx_word' id='word_1_22' title='bbox 705 1584 866 1652; x_wconf 85' lang='lat' dir='ltr'>mactatus</span> <span class='ocrx_word' id='word_1_23' title='bbox 884 1581 1059 1672; x_wconf 88' lang='lat' dir='ltr'>triumpho.</span> 
     </span>
     <span class='ocr_line' id='line_1_9' title="bbox 636 1710 732 1782; baseline -0.01 -33"><span class='ocrx_word' id='word_1_24' title='bbox 636 1712 679 1782; x_wconf 73' lang='grc' dir='ltr'>ΠΙ</span> <span class='ocrx_word' id='word_1_25' title='bbox 691 1710 732 1749; x_wconf 67' lang='lat' dir='ltr'>*tt</span> 
     </span>
    </p>

    <p class='ocr_par' dir='ltr' id='par_1_6' title="bbox 181 1825 1066 2028">
     <span class='ocr_line' id='line_1_10' title="bbox 181 1825 1066 1923; baseline 0.003 -28"><span class='ocrx_word' id='word_1_26' title='bbox 181 1832 185 1839; x_wconf 85' lang='grc'><em>“</em></span> <span class='ocrx_word' id='word_1_27' title='bbox 230 1825 398 1918; x_wconf 84' lang='lat' dir='ltr'><strong>Europam</strong></span> <span class='ocrx_word' id='word_1_28' title='bbox 416 1825 620 1923; x_wconf 79' lang='lat' dir='ltr'>Libyamque</span> <span class='ocrx_word' id='word_1_29' title='bbox 642 1851 747 1921; x_wconf 82' lang='lat' dir='ltr'>rapax</span> <span class='ocrx_word' id='word_1_30' title='bbox 769 1828 824 1898; x_wconf 93' lang='lat' dir='ltr'>ubi</span> <span class='ocrx_word' id='word_1_31' title='bbox 843 1828 958 1899; x_wconf 92' lang='lat' dir='ltr'>diuidit</span> <span class='ocrx_word' id='word_1_32' title='bbox 977 1829 1066 1899; x_wconf 85' lang='lat' dir='ltr'>unda</span> 
     </span>
     <span class='ocr_line' id='line_1_11' title="bbox 662 1957 711 2028; baseline -0.041 0"><span class='ocrx_word' id='word_1_33' title='bbox 662 1957 711 2028; x_wconf 93' lang='lat' dir='ltr'>lV</span> 
     </span>
    </p>
   </div>
   <div class='ocr_carea' id='block_1_5' title="bbox 140 2042 963 2270">
    <p class='ocr_par' dir='ltr' id='par_1_7' title="bbox 140 2042 963 2270">
     <span class='ocr_line' id='line_1_12' title="bbox 228 2042 954 2167; baseline 0.001 -25"><span class='ocrx_word' id='word_1_34' title='bbox 228 2073 372 2143; x_wconf 83' lang='lat' dir='ltr'>Additur</span> <span class='ocrx_word' id='word_1_35' title='bbox 389 2077 502 2144; x_wconf 88' lang='lat' dir='ltr'>orator</span> <span class='ocrx_word' id='word_1_36' title='bbox 519 2072 693 2145; x_wconf 89' lang='lat' dir='ltr'>Cornelius</span> <span class='ocrx_word' id='word_1_37' title='bbox 712 2042 954 2167; x_wconf 86' lang='lat' dir='ltr'>suauiloquenti</span> 
     </span>
     <span class='ocr_line' id='line_1_13' title="bbox 140 2173 963 2270; baseline -0.002 -22"><span class='ocrx_word' id='word_1_38' title='bbox 140 2185 202 2248; x_wconf 84' lang='grc'>305</span> <span class='ocrx_word' id='word_1_39' title='bbox 230 2173 296 2246; x_wconf 87' lang='lat' dir='ltr'>Ore</span> <span class='ocrx_word' id='word_1_40' title='bbox 318 2174 466 2270; x_wconf 84' lang='lat' dir='ltr'>Cetegus</span> <span class='ocrx_word' id='word_1_41' title='bbox 488 2178 619 2249; x_wconf 88' lang='lat' dir='ltr'>Marcus</span> <span class='ocrx_word' id='word_1_42' title='bbox 638 2177 800 2248; x_wconf 78' lang='lat' dir='ltr'>Tuditano</span> <span class='ocrx_word' id='word_1_43' title='bbox 821 2177 963 2270; x_wconf 77' lang='lat' dir='ltr'>conlega</span> 
     </span>
    </p>
   </div>
   <div class='ocr_carea' id='block_1_6' title="bbox 127 2376 1239 2725">
    <p class='ocr_par' dir='ltr' id='par_1_8' title="bbox 127 2376 1238 2514">
     <span class='ocr_line' id='line_1_14' title="bbox 127 2376 1238 2440; baseline 0.001 -14"><span class='ocrx_word' id='word_1_44' title='bbox 127 2378 265 2440; x_wconf 81' lang='lat' dir='ltr'>neriusque</span> <span class='ocrx_word' id='word_1_45' title='bbox 287 2377 360 2427; x_wconf 89' lang='lat' dir='ltr'>labor</span> <span class='ocrx_word' id='word_1_46' title='bbox 373 2378 504 2429; x_wconf 87' lang='lat' dir='ltr'>mutabilis</span> <span class='ocrx_word' id='word_1_47' title='bbox 521 2381 580 2430; x_wconf 88' lang='lat' dir='ltr'>aeui</span> <span class='ocrx_word' id='word_1_48' title='bbox 593 2380 699 2431; x_wconf 80' lang='lat' dir='ltr'>Rettulit</span> <span class='ocrx_word' id='word_1_49' title='bbox 717 2382 743 2430; x_wconf 94' lang='lat' dir='ltr'>in</span> <span class='ocrx_word' id='word_1_50' title='bbox 758 2378 865 2430; x_wconf 86' lang='lat' dir='ltr'>melius:</span> <span class='ocrx_word' id='word_1_51' title='bbox 890 2378 985 2427; x_wconf 87' lang='lat' dir='ltr'>multos</span> <span class='ocrx_word' id='word_1_52' title='bbox 1005 2376 1103 2427; x_wconf 85' lang='lat' dir='ltr'>alterna</span> <span class='ocrx_word' id='word_1_53' title='bbox 1122 2378 1238 2427; x_wconf 89' lang='lat' dir='ltr'>reuisens</span> 
     </span>
     <span class='ocr_line' id='line_1_15' title="bbox 127 2447 1238 2514; baseline 0.001 -18"><span class='ocrx_word' id='word_1_54' title='bbox 127 2447 200 2497; x_wconf 82' lang='lat' dir='ltr'>Lusit</span> <span class='ocrx_word' id='word_1_55' title='bbox 212 2457 236 2496; x_wconf 90' lang='lat' dir='ltr'>et</span> <span class='ocrx_word' id='word_1_56' title='bbox 251 2448 277 2496; x_wconf 89' lang='lat' dir='ltr'>in</span> <span class='ocrx_word' id='word_1_57' title='bbox 290 2447 376 2497; x_wconf 83' lang='lat' dir='ltr'>solido</span> <span class='ocrx_word' id='word_1_58' title='bbox 387 2463 475 2499; x_wconf 88' lang='lat' dir='ltr'>rursus</span> <span class='ocrx_word' id='word_1_59' title='bbox 488 2449 590 2499; x_wconf 80' lang='lat' dir='ltr'>fortuna</span> <span class='ocrx_word' id='word_1_60' title='bbox 601 2450 702 2501; x_wconf 84' lang='lat' dir='ltr'>locauit.</span> <span class='ocrx_word' id='word_1_61' title='bbox 724 2450 799 2514; x_wconf 77' lang='lat' dir='ltr'>[Aen.</span> <span class='ocrx_word' id='word_1_62' title='bbox 814 2449 850 2498; x_wconf 95' lang='lat' dir='ltr'>Xl</span> <span class='ocrx_word' id='word_1_63' title='bbox 863 2448 925 2512; x_wconf 80' lang='lat'>425]</span> <span class='ocrx_word' id='word_1_64' title='bbox 941 2449 1038 2498; x_wconf 84' lang='lat' dir='ltr'>Ennius</span> <span class='ocrx_word' id='word_1_65' title='bbox 1051 2448 1077 2496; x_wconf 88' lang='lat' dir='ltr'>iu</span> <span class='ocrx_word' id='word_1_66' title='bbox 1090 2454 1212 2497; x_wconf 83' lang='lat' dir='ltr'>octauo..</span> <span class='ocrx_word' id='word_1_67' title='bbox 1222 2448 1238 2497; x_wconf 88' lang='lat'>.&#39;</span> 
     </span>
    </p>

    <p class='ocr_par' dir='ltr' id='par_1_9' title="bbox 127 2517 1239 2725">
     <span class='ocr_line' id='line_1_16' title="bbox 194 2517 1239 2588; baseline -0.001 -21"><span class='ocrx_word' id='word_1_68' title='bbox 194 2517 282 2567; x_wconf 84' lang='lat' dir='ltr'>XXIV</span> <span class='ocrx_word' id='word_1_69' title='bbox 300 2517 446 2567; x_wconf 77' lang='lat' dir='ltr'>Priscianus</span> <span class='ocrx_word' id='word_1_70' title='bbox 459 2520 496 2568; x_wconf 93' lang='lat' dir='ltr'>Vl</span> <span class='ocrx_word' id='word_1_71' title='bbox 509 2535 535 2585; x_wconf 91' lang='lat' dir='ltr'>p.</span> <span class='ocrx_word' id='word_1_72' title='bbox 550 2519 602 2571; x_wconf 79' lang='lat'>685</span> <span class='ocrx_word' id='word_1_73' title='bbox 615 2522 643 2570; x_wconf 90' lang='lat' dir='ltr'>P.</span> <span class='ocrx_word' id='word_1_74' title='bbox 658 2520 684 2588; x_wconf 91' lang='lat' dir='ltr'>(l</span> <span class='ocrx_word' id='word_1_75' title='bbox 700 2536 727 2586; x_wconf 87' lang='lat' dir='ltr'>p.</span> <span class='ocrx_word' id='word_1_76' title='bbox 740 2519 789 2571; x_wconf 71' lang='lat'>231</span> <span class='ocrx_word' id='word_1_77' title='bbox 806 2517 852 2583; x_wconf 79' lang='lat' dir='ltr'>tt.)</span> <span class='ocrx_word' id='word_1_78' title='bbox 870 2519 957 2580; x_wconf 85' lang='lat' dir='ltr'>‘quod</span> <span class='ocrx_word' id='word_1_79' title='bbox 970 2527 1054 2568; x_wconf 89' lang='lat' dir='ltr'>autem</span> <span class='ocrx_word' id='word_1_80' title='bbox 1069 2517 1137 2566; x_wconf 91' lang='lat' dir='ltr'>lonis</span> <span class='ocrx_word' id='word_1_81' title='bbox 1154 2524 1179 2567; x_wconf 88' lang='lat' dir='ltr'>et</span> <span class='ocrx_word' id='word_1_82' title='bbox 1194 2517 1239 2566; x_wconf 88' lang='lat' dir='ltr'>Di-</span> 
     </span>
     <span class='ocr_line' id='line_1_17' title="bbox 127 2586 1238 2653; baseline 0 -18"><span class='ocrx_word' id='word_1_83' title='bbox 127 2587 202 2636; x_wconf 87' lang='lat' dir='ltr'>donis</span> <span class='ocrx_word' id='word_1_84' title='bbox 214 2587 367 2652; x_wconf 70' lang='lat' dir='ltr'>Gnlqpsonis</span> <span class='ocrx_word' id='word_1_85' title='bbox 380 2587 482 2649; x_wconf 89' lang='lat' dir='ltr'>dicitur,</span> <span class='ocrx_word' id='word_1_86' title='bbox 499 2589 610 2641; x_wconf 86' lang='lat' dir='ltr'>ostendit</span> <span class='ocrx_word' id='word_1_87' title='bbox 626 2627 632 2641; x_wconf 90' lang='lat'><strong>.</strong></span> <span class='ocrx_word' id='word_1_88' title='bbox 645 2628 651 2641; x_wconf 90' lang='lat'><em>.</em></span> <span class='ocrx_word' id='word_1_89' title='bbox 663 2626 686 2641; x_wconf 88' lang='lat'>..</span> <span class='ocrx_word' id='word_1_90' title='bbox 706 2591 803 2640; x_wconf 81' lang='lat' dir='ltr'>Ennius</span> <span class='ocrx_word' id='word_1_91' title='bbox 815 2590 841 2637; x_wconf 92' lang='lat' dir='ltr'>in</span> <span class='ocrx_word' id='word_1_92' title='bbox 855 2589 916 2637; x_wconf 95' lang='lat' dir='ltr'>Vlll</span> <span class='ocrx_word' id='word_1_93' title='bbox 933 2625 957 2638; x_wconf 92' lang='lat'>..</span> <span class='ocrx_word' id='word_1_94' title='bbox 970 2588 992 2637; x_wconf 87' lang='lat'>.&#39;</span> <span class='ocrx_word' id='word_1_95' title='bbox 1026 2586 1081 2653; x_wconf 88' lang='lat' dir='ltr'>(iu</span> <span class='ocrx_word' id='word_1_96' title='bbox 1098 2588 1158 2635; x_wconf 89' lang='lat' dir='ltr'>Vlll</span> <span class='ocrx_word' id='word_1_97' title='bbox 1176 2587 1238 2637; x_wconf 81' lang='lat' dir='ltr'>En-</span> 
     </span>
     <span class='ocr_line' id='line_1_18' title="bbox 127 2656 549 2725; baseline 0.009 -20"><span class='ocrx_word' id='word_1_98' title='bbox 127 2657 205 2706; x_wconf 87' lang='lat' dir='ltr'>nius</span> <span class='ocrx_word' id='word_1_99' title='bbox 224 2656 350 2707; x_wconf 84' lang='lat' dir='ltr'>llalberst.</span> <span class='ocrx_word' id='word_1_100' title='bbox 366 2657 430 2724; x_wconf 74' lang='lat' dir='ltr'>Reg.</span> <span class='ocrx_word' id='word_1_101' title='bbox 445 2674 479 2708; x_wconf 89' lang='lat' dir='ltr'>m.</span> <span class='ocrx_word' id='word_1_102' title='bbox 493 2657 549 2725; x_wconf 91' lang='lat' dir='ltr'>pr.)</span> 
     </span>
    </p>
   </div>
   <div class='ocr_carea' id='block_1_7' title="bbox 127 2752 1258 3864">
    <p class='ocr_par' dir='ltr' id='par_1_10' title="bbox 127 2752 1258 2958">
     <span class='ocr_line' id='line_1_19' title="bbox 161 2752 1258 2824; baseline 0 -21"><span class='ocrx_word' id='word_1_103' title='bbox 161 2752 298 2804; x_wconf 78' lang='lat' dir='ltr'>Ltittttth</span> <span class='ocrx_word' id='word_1_104' title='bbox 333 2753 460 2806; x_wconf 90' lang='lat' dir='ltr'>lNonius</span> <span class='ocrx_word' id='word_1_105' title='bbox 473 2758 597 2822; x_wconf 51' lang='lat' dir='ltr'>patim</span> <span class='ocrx_word' id='word_1_106' title='bbox 615 2756 820 2824; x_wconf 86' lang='lat' dir='ltr'>‘luctantpro</span> <span class='ocrx_word' id='word_1_107' title='bbox 833 2755 968 2806; x_wconf 88' lang='lat' dir='ltr'>luctantur.</span> <span class='ocrx_word' id='word_1_108' title='bbox 993 2754 1090 2804; x_wconf 83' lang='lat' dir='ltr'>Ennius</span> <span class='ocrx_word' id='word_1_109' title='bbox 1103 2754 1149 2804; x_wconf 85' lang='lat' dir='ltr'>lib.</span> <span class='ocrx_word' id='word_1_110' title='bbox 1165 2754 1258 2804; x_wconf 88' lang='lat' dir='ltr'>vtttl·</span> 
     </span>
     <span class='ocr_line' id='line_1_20' title="bbox 129 2822 1238 2891; baseline 0 -19"><span class='ocrx_word' id='word_1_111' title='bbox 129 2825 184 2873; x_wconf 87' lang='lat'><strong>...’</strong></span> <span class='ocrx_word' id='word_1_112' title='bbox 218 2839 233 2853; x_wconf 94' lang='lat'><strong>·</strong></span> <span class='ocrx_word' id='word_1_113' title='bbox 255 2824 279 2872; x_wconf 94' lang='lat' dir='ltr'>ll</span> <span class='ocrx_word' id='word_1_114' title='bbox 310 2822 416 2874; x_wconf 89' lang='lat' dir='ltr'>Seruius</span> <span class='ocrx_word' id='word_1_115' title='bbox 434 2826 461 2874; x_wconf 88' lang='lat' dir='ltr'>in</span> <span class='ocrx_word' id='word_1_116' title='bbox 480 2828 544 2876; x_wconf 78' lang='lat' dir='ltr'>Aen.</span> <span class='ocrx_word' id='word_1_117' title='bbox 564 2826 600 2876; x_wconf 94' lang='lat' dir='ltr'>IX</span> <span class='ocrx_word' id='word_1_118' title='bbox 619 2825 669 2877; x_wconf 79' lang='lat' dir='ltr'>bdl</span> <span class='ocrx_word' id='word_1_119' title='bbox 699 2828 812 2875; x_wconf 87' lang='lat' dir='ltr'>‘mactus</span> <span class='ocrx_word' id='word_1_120' title='bbox 836 2836 920 2875; x_wconf 88' lang='lat' dir='ltr'>nutem</span> <span class='ocrx_word' id='word_1_121' title='bbox 946 2824 1016 2891; x_wconf 89' lang='lat' dir='ltr'>apud</span> <span class='ocrx_word' id='word_1_122' title='bbox 1041 2833 1139 2874; x_wconf 87' lang='lat' dir='ltr'>ueteres</span> <span class='ocrx_word' id='word_1_123' title='bbox 1161 2824 1238 2874; x_wconf 89' lang='lat' dir='ltr'>etiam</span> 
     </span>
     <span class='ocr_line' id='line_1_21' title="bbox 127 2893 1204 2958; baseline 0.001 -16"><span class='ocrx_word' id='word_1_124' title='bbox 127 2900 288 2943; x_wconf 85' lang='lat' dir='ltr'>mactatus</span> <span class='ocrx_word' id='word_1_125' title='bbox 308 2893 454 2956; x_wconf 76' lang='lat' dir='ltr'>dicebatur,</span> <span class='ocrx_word' id='word_1_126' title='bbox 480 2903 508 2944; x_wconf 87' lang='lat' dir='ltr'>ut</span> <span class='ocrx_word' id='word_1_127' title='bbox 526 2896 637 2946; x_wconf 82' lang='lat' dir='ltr'>Ennius:</span> <span class='ocrx_word' id='word_1_128' title='bbox 656 2895 759 2946; x_wconf 88' lang='lat' dir='ltr'>Liuius&#39;</span> <span class='ocrx_word' id='word_1_129' title='bbox 782 2912 805 2945; x_wconf 92' lang='lat' dir='ltr'>e.</span> <span class='ocrx_word' id='word_1_130' title='bbox 819 2911 844 2958; x_wconf 90' lang='lat' dir='ltr'>q.</span> <span class='ocrx_word' id='word_1_131' title='bbox 861 2911 882 2944; x_wconf 90' lang='lat' dir='ltr'>s.</span> <span class='ocrx_word' id='word_1_132' title='bbox 916 2896 971 2946; x_wconf 87' lang='lat' dir='ltr'>Huc</span> <span class='ocrx_word' id='word_1_133' title='bbox 992 2895 1087 2944; x_wconf 89' lang='lat' dir='ltr'>rettulit</span> <span class='ocrx_word' id='word_1_134' title='bbox 1106 2894 1204 2943; x_wconf 84' lang='lat' dir='ltr'>Merula</span> 
     </span>
    </p>

    <p class='ocr_par' dir='ltr' id='par_1_11' title="bbox 127 2961 1246 3864">
     <span class='ocr_line' id='line_1_22' title="bbox 162 2961 1238 3030; baseline 0.001 -20"><span class='ocrx_word' id='word_1_135' title='bbox 162 2962 198 3012; x_wconf 94' lang='lat' dir='ltr'>lll</span> <span class='ocrx_word' id='word_1_136' title='bbox 216 2961 304 3013; x_wconf 81' lang='lat' dir='ltr'>Cicero</span> <span class='ocrx_word' id='word_1_137' title='bbox 317 2963 393 3013; x_wconf 87' lang='lat' dir='ltr'>Tusc.</span> <span class='ocrx_word' id='word_1_138' title='bbox 407 2965 476 3030; x_wconf 86' lang='lat' dir='ltr'>disp.</span> <span class='ocrx_word' id='word_1_139' title='bbox 493 2965 560 3027; x_wconf 81' lang='lat'>120,</span> <span class='ocrx_word' id='word_1_140' title='bbox 574 2967 609 3016; x_wconf 82' lang='lat'>45</span> <span class='ocrx_word' id='word_1_141' title='bbox 627 2965 735 3015; x_wconf 82' lang='lat' dir='ltr'>‘etenim</span> <span class='ocrx_word' id='word_1_142' title='bbox 749 2966 772 3014; x_wconf 89' lang='lat' dir='ltr'>si</span> <span class='ocrx_word' id='word_1_143' title='bbox 786 2980 852 3014; x_wconf 92' lang='lat' dir='ltr'>nunc</span> <span class='ocrx_word' id='word_1_144' title='bbox 867 2964 967 3028; x_wconf 80' lang='lat' dir='ltr'>aliquid</span> <span class='ocrx_word' id='word_1_145' title='bbox 980 2966 1082 3026; x_wconf 85' lang='lat' dir='ltr'>assequi</span> <span class='ocrx_word' id='word_1_146' title='bbox 1097 2979 1125 3012; x_wconf 90' lang='lat' dir='ltr'>se</span> <span class='ocrx_word' id='word_1_147' title='bbox 1139 2970 1238 3028; x_wconf 77' lang='lat' dir='ltr'>putent,</span> 
     </span>
     <span class='ocr_line' id='line_1_23' title="bbox 129 3032 1239 3100; baseline -0.001 -19"><span class='ocrx_word' id='word_1_148' title='bbox 129 3033 172 3095; x_wconf 91' lang='lat' dir='ltr'>qui</span> <span class='ocrx_word' id='word_1_149' title='bbox 191 3032 284 3082; x_wconf 84' lang='lat' dir='ltr'>ostium</span> <span class='ocrx_word' id='word_1_150' title='bbox 297 3033 371 3083; x_wconf 85' lang='lat' dir='ltr'>Ponti</span> <span class='ocrx_word' id='word_1_151' title='bbox 389 3034 507 3085; x_wconf 89' lang='lat' dir='ltr'>uiderunt</span> <span class='ocrx_word' id='word_1_152' title='bbox 527 3043 551 3084; x_wconf 88' lang='lat' dir='ltr'>et</span> <span class='ocrx_word' id='word_1_153' title='bbox 569 3050 613 3085; x_wconf 85' lang='lat' dir='ltr'>ens</span> <span class='ocrx_word' id='word_1_154' title='bbox 634 3035 766 3100; x_wconf 78' lang='lat' dir='ltr'>augustias</span> <span class='ocrx_word' id='word_1_155' title='bbox 778 3050 824 3100; x_wconf 91' lang='lat' dir='ltr'>per</span> <span class='ocrx_word' id='word_1_156' title='bbox 836 3049 899 3097; x_wconf 88' lang='lat' dir='ltr'>quas</span> <span class='ocrx_word' id='word_1_157' title='bbox 911 3034 1054 3099; x_wconf 87' lang='lat' dir='ltr'>penetrauit</span> <span class='ocrx_word' id='word_1_158' title='bbox 1068 3048 1098 3081; x_wconf 91' lang='lat' dir='ltr'>ea</span> <span class='ocrx_word' id='word_1_159' title='bbox 1115 3047 1180 3095; x_wconf 90' lang='lat' dir='ltr'>quae</span> <span class='ocrx_word' id='word_1_160' title='bbox 1199 3039 1239 3081; x_wconf 87' lang='lat' dir='ltr'>ost</span> 
     </span>
     <span class='ocr_line' id='line_1_24' title="bbox 127 3102 1237 3170; baseline 0 -20"><span class='ocrx_word' id='word_1_161' title='bbox 127 3102 257 3151; x_wconf 76' lang='lat' dir='ltr'>nominata</span> <span class='ocrx_word' id='word_1_162' title='bbox 270 3102 341 3170; x_wconf 73' lang='lat' dir='ltr'>Argo</span> <span class='ocrx_word' id='word_1_163' title='bbox 426 3112 469 3154; x_wconf 88' lang='lat' dir='ltr'>aut</span> <span class='ocrx_word' id='word_1_164' title='bbox 482 3104 502 3153; x_wconf 92' lang='lat' dir='ltr'>ii</span> <span class='ocrx_word' id='word_1_165' title='bbox 516 3104 560 3167; x_wconf 93' lang='lat' dir='ltr'>qui</span> <span class='ocrx_word' id='word_1_166' title='bbox 574 3103 668 3154; x_wconf 74' lang='lat' dir='ltr'>Oceani</span> <span class='ocrx_word' id='word_1_167' title='bbox 680 3102 745 3153; x_wconf 81' lang='lat' dir='ltr'>fretu</span> <span class='ocrx_word' id='word_1_168' title='bbox 757 3104 802 3154; x_wconf 90' lang='lat' dir='ltr'>illa</span> <span class='ocrx_word' id='word_1_169' title='bbox 815 3103 933 3153; x_wconf 90' lang='lat' dir='ltr'>uiderunt</span> <span class='ocrx_word' id='word_1_170' title='bbox 948 3102 1121 3167; x_wconf 85' lang='lat' dir='ltr'>Europam&#39;</span> <span class='ocrx_word' id='word_1_171' title='bbox 1137 3118 1159 3150; x_wconf 91' lang='lat' dir='ltr'>e.</span> <span class='ocrx_word' id='word_1_172' title='bbox 1176 3116 1200 3163; x_wconf 93' lang='lat' dir='ltr'>q.</span> <span class='ocrx_word' id='word_1_173' title='bbox 1214 3116 1237 3150; x_wconf 89' lang='lat' dir='ltr'>s.</span> 
     </span>
     <span class='ocr_line' id='line_1_25' title="bbox 128 3169 1238 3239; baseline 0 -19"><span class='ocrx_word' id='word_1_174' title='bbox 128 3171 212 3232; x_wconf 89' lang='lat' dir='ltr'>‘quod</span> <span class='ocrx_word' id='word_1_175' title='bbox 227 3172 329 3222; x_wconf 85' lang='lat' dir='ltr'>landam</span> <span class='ocrx_word' id='word_1_176' title='bbox 342 3174 517 3238; x_wconf 77' lang='lat' dir='ltr'>spectaculum</span> <span class='ocrx_word' id='word_1_177' title='bbox 530 3173 584 3224; x_wconf 86' lang='lat' dir='ltr'>lore</span> <span class='ocrx_word' id='word_1_178' title='bbox 596 3174 746 3239; x_wconf 78' lang='lat' dir='ltr'>putamus‘l&#39;</span> <span class='ocrx_word' id='word_1_179' title='bbox 780 3174 850 3223; x_wconf 89' lang='lat' dir='ltr'>ldem</span> <span class='ocrx_word' id='word_1_180' title='bbox 863 3173 895 3222; x_wconf 89' lang='lat' dir='ltr'>de</span> <span class='ocrx_word' id='word_1_181' title='bbox 908 3180 960 3221; x_wconf 89' lang='lat' dir='ltr'>nat.</span> <span class='ocrx_word' id='word_1_182' title='bbox 977 3172 1082 3221; x_wconf 86' lang='lat' dir='ltr'>deorum</span> <span class='ocrx_word' id='word_1_183' title='bbox 1095 3171 1129 3219; x_wconf 94' lang='lat' dir='ltr'>lll</span> <span class='ocrx_word' id='word_1_184' title='bbox 1150 3169 1190 3229; x_wconf 88' lang='lat' dir='ltr'>lo,</span> <span class='ocrx_word' id='word_1_185' title='bbox 1203 3171 1238 3220; x_wconf 76' lang='lat'>24</span> 
     </span>
     <span class='ocr_line' id='line_1_26' title="bbox 129 3239 1246 3310; baseline -0.001 -21"><span class='ocrx_word' id='word_1_186' title='bbox 129 3241 206 3303; x_wconf 85' lang='lat' dir='ltr'>‘qnid</span> <span class='ocrx_word' id='word_1_187' title='bbox 220 3239 368 3292; x_wconf 77' lang='lat' dir='ltr'>Chalcidico</span> <span class='ocrx_word' id='word_1_188' title='bbox 382 3243 478 3310; x_wconf 83' lang='lat' dir='ltr'>Euripo</span> <span class='ocrx_word' id='word_1_189' title='bbox 498 3244 525 3292; x_wconf 91' lang='lat' dir='ltr'>in</span> <span class='ocrx_word' id='word_1_190' title='bbox 545 3252 615 3294; x_wconf 90' lang='lat' dir='ltr'>motu</span> <span class='ocrx_word' id='word_1_191' title='bbox 635 3243 774 3293; x_wconf 86' lang='lat' dir='ltr'>identidem</span> <span class='ocrx_word' id='word_1_192' title='bbox 794 3242 976 3308; x_wconf 88' lang='lat' dir='ltr'>reciprocando</span> <span class='ocrx_word' id='word_1_193' title='bbox 993 3248 1069 3307; x_wconf 87' lang='lat' dir='ltr'>putas</span> <span class='ocrx_word' id='word_1_194' title='bbox 1086 3239 1141 3289; x_wconf 88' lang='lat' dir='ltr'>lieri</span> <span class='ocrx_word' id='word_1_195' title='bbox 1160 3253 1246 3305; x_wconf 86' lang='lat' dir='ltr'>posse</span> 
     </span>
     <span class='ocr_line' id='line_1_27' title="bbox 128 3309 1238 3375; baseline -0.002 -17"><span class='ocrx_word' id='word_1_196' title='bbox 128 3310 299 3371; x_wconf 88' lang='lat' dir='ltr'>constantius,</span> <span class='ocrx_word' id='word_1_197' title='bbox 324 3312 387 3373; x_wconf 93' lang='lat' dir='ltr'>qnid</span> <span class='ocrx_word' id='word_1_198' title='bbox 400 3312 466 3363; x_wconf 85' lang='lat' dir='ltr'>freto</span> <span class='ocrx_word' id='word_1_199' title='bbox 480 3312 625 3372; x_wconf 86' lang='lat' dir='ltr'>Siciliensi,</span> <span class='ocrx_word' id='word_1_200' title='bbox 649 3312 712 3375; x_wconf 91' lang='lat' dir='ltr'>quid</span> <span class='ocrx_word' id='word_1_201' title='bbox 726 3311 820 3362; x_wconf 79' lang='lat' dir='ltr'>Oceani</span> <span class='ocrx_word' id='word_1_202' title='bbox 834 3311 936 3362; x_wconf 82' lang='lat' dir='ltr'>feruore</span> <span class='ocrx_word' id='word_1_203' title='bbox 948 3311 1000 3361; x_wconf 90' lang='lat' dir='ltr'>illis</span> <span class='ocrx_word' id='word_1_204' title='bbox 1018 3311 1044 3359; x_wconf 92' lang='lat' dir='ltr'>in</span> <span class='ocrx_word' id='word_1_205' title='bbox 1057 3309 1120 3360; x_wconf 85' lang='lat' dir='ltr'>locis</span> <span class='ocrx_word' id='word_1_206' title='bbox 1133 3309 1217 3358; x_wconf 83' lang='lat' dir='ltr'>Euro</span> <span class='ocrx_word' id='word_1_207' title='bbox 1226 3337 1238 3346; x_wconf 91' lang='lat'>-</span> 
     </span>
     <span class='ocr_line' id='line_1_28' title="bbox 127 3378 1237 3446; baseline -0.001 -18"><span class='ocrx_word' id='word_1_208' title='bbox 127 3379 213 3444; x_wconf 67' lang='lat' dir='ltr'>pnm&#39;</span> <span class='ocrx_word' id='word_1_209' title='bbox 233 3395 256 3432; x_wconf 83' lang='lat' dir='ltr'>e.</span> <span class='ocrx_word' id='word_1_210' title='bbox 272 3395 298 3443; x_wconf 87' lang='lat' dir='ltr'>q.</span> <span class='ocrx_word' id='word_1_211' title='bbox 312 3395 333 3430; x_wconf 92' lang='grc'>0.</span> <span class='ocrx_word' id='word_1_212' title='bbox 365 3381 447 3432; x_wconf 83' lang='lat' dir='ltr'>Ennio</span> <span class='ocrx_word' id='word_1_213' title='bbox 462 3383 572 3443; x_wconf 88' lang='lat' dir='ltr'>Merula,</span> <span class='ocrx_word' id='word_1_214' title='bbox 592 3382 652 3431; x_wconf 87' lang='lat' dir='ltr'>huie</span> <span class='ocrx_word' id='word_1_215' title='bbox 672 3382 728 3432; x_wconf 90' lang='lat' dir='ltr'>sedi</span> <span class='ocrx_word' id='word_1_216' title='bbox 747 3381 889 3431; x_wconf 86' lang='lat' dir='ltr'>uindicauit</span> <span class='ocrx_word' id='word_1_217' title='bbox 908 3380 956 3431; x_wconf 85' lang='lat' dir='ltr'>Th.</span> <span class='ocrx_word' id='word_1_218' title='bbox 971 3381 1070 3446; x_wconf 81' lang='lat' dir='ltr'>Hugius</span> <span class='ocrx_word' id='word_1_219' title='bbox 1140 3379 1175 3428; x_wconf 94' lang='lat' dir='ltr'>IV</span> <span class='ocrx_word' id='word_1_220' title='bbox 1195 3378 1237 3430; x_wconf 85' lang='lat' dir='ltr'>Ci-</span> 
     </span>
     <span class='ocr_line' id='line_1_29' title="bbox 128 3447 1237 3518; baseline 0.002 -21"><span class='ocrx_word' id='word_1_221' title='bbox 128 3463 185 3498; x_wconf 90' lang='lat' dir='ltr'>cero</span> <span class='ocrx_word' id='word_1_222' title='bbox 206 3448 277 3498; x_wconf 88' lang='lat' dir='ltr'>Brut.</span> <span class='ocrx_word' id='word_1_223' title='bbox 301 3447 343 3509; x_wconf 83' lang='lat'>15,</span> <span class='ocrx_word' id='word_1_224' title='bbox 364 3450 399 3502; x_wconf 76' lang='lat'>58</span> <span class='ocrx_word' id='word_1_225' title='bbox 422 3453 471 3502; x_wconf 78' lang='lat' dir='ltr'>‘bl</span> <span class='ocrx_word' id='word_1_226' title='bbox 491 3452 623 3503; x_wconf 74' lang='lat' dir='ltr'>Cornelius</span> <span class='ocrx_word' id='word_1_227' title='bbox 642 3451 784 3518; x_wconf 81' lang='lat' dir='ltr'>Cethegus,</span> <span class='ocrx_word' id='word_1_228' title='bbox 808 3452 881 3500; x_wconf 89' lang='lat' dir='ltr'>cuius</span> <span class='ocrx_word' id='word_1_229' title='bbox 901 3450 1061 3513; x_wconf 88' lang='lat' dir='ltr'>eloquentiae</span> <span class='ocrx_word' id='word_1_230' title='bbox 1083 3455 1121 3498; x_wconf 90' lang='lat' dir='ltr'>est</span> <span class='ocrx_word' id='word_1_231' title='bbox 1140 3456 1237 3509; x_wconf 85' lang='lat' dir='ltr'>unctor,</span> 
     </span>
     <span class='ocr_line' id='line_1_30' title="bbox 129 3518 1238 3586; baseline 0.001 -19"><span class='ocrx_word' id='word_1_232' title='bbox 129 3527 153 3567; x_wconf 90' lang='lat' dir='ltr'>et</span> <span class='ocrx_word' id='word_1_233' title='bbox 171 3518 279 3569; x_wconf 89' lang='lat' dir='ltr'>idonens</span> <span class='ocrx_word' id='word_1_234' title='bbox 296 3519 400 3582; x_wconf 90' lang='lat' dir='ltr'>quidem</span> <span class='ocrx_word' id='word_1_235' title='bbox 414 3536 472 3571; x_wconf 89' lang='lat' dir='ltr'>mea</span> <span class='ocrx_word' id='word_1_236' title='bbox 488 3523 626 3583; x_wconf 88' lang='lat' dir='ltr'>sententia,</span> <span class='ocrx_word' id='word_1_237' title='bbox 653 3520 684 3580; x_wconf 82' lang='lat' dir='ltr'>Q.</span> <span class='ocrx_word' id='word_1_238' title='bbox 703 3521 828 3571; x_wconf 84' lang='lat' dir='ltr'>Ennius</span> <span class='ocrx_word' id='word_1_239' title='bbox 844 3549 879 3557; x_wconf 90' lang='lat'>—</span> <span class='ocrx_word' id='word_1_240' title='bbox 897 3548 933 3558; x_wconf 95' lang='lat'>—</span> <span class='ocrx_word' id='word_1_241' title='bbox 959 3527 998 3570; x_wconf 88' lang='lat' dir='ltr'>est</span> <span class='ocrx_word' id='word_1_242' title='bbox 1015 3520 1094 3586; x_wconf 81' lang='lat' dir='ltr'>igitur</span> <span class='ocrx_word' id='word_1_243' title='bbox 1111 3519 1149 3567; x_wconf 90' lang='lat' dir='ltr'>sic</span> <span class='ocrx_word' id='word_1_244' title='bbox 1168 3518 1238 3585; x_wconf 88' lang='lat' dir='ltr'>apud</span> 
     </span>
     <span class='ocr_line' id='line_1_31' title="bbox 128 3587 1238 3656; baseline 0 -20"><span class='ocrx_word' id='word_1_245' title='bbox 128 3587 201 3638; x_wconf 92' lang='lat' dir='ltr'>illurn</span> <span class='ocrx_word' id='word_1_246' title='bbox 214 3589 241 3638; x_wconf 92' lang='lat' dir='ltr'>in</span> <span class='ocrx_word' id='word_1_247' title='bbox 254 3602 321 3639; x_wconf 90' lang='lat' dir='ltr'>nono</span> <span class='ocrx_word' id='word_1_248' title='bbox 334 3597 362 3638; x_wconf 88' lang='lat' dir='ltr'>nt</span> <span class='ocrx_word' id='word_1_249' title='bbox 376 3592 468 3656; x_wconf 88' lang='lat' dir='ltr'>opinor</span> <span class='ocrx_word' id='word_1_250' title='bbox 480 3591 581 3641; x_wconf 84' lang='lat' dir='ltr'>annali:</span> <span class='ocrx_word' id='word_1_251' title='bbox 601 3591 734 3641; x_wconf 86' lang='lat' dir='ltr'>additur</span> <span class='ocrx_word' id='word_1_252' title='bbox 829 3590 933 3640; x_wconf 82' lang='lat' dir='ltr'>iilius.</span> <span class='ocrx_word' id='word_1_253' title='bbox 966 3591 997 3640; x_wconf 88' lang='lat' dir='ltr'>Et</span> <span class='ocrx_word' id='word_1_254' title='bbox 1009 3597 1133 3639; x_wconf 83' lang='lat' dir='ltr'>oratorem</span> <span class='ocrx_word' id='word_1_255' title='bbox 1147 3589 1238 3654; x_wconf 89' lang='lat' dir='ltr'>appel-</span> 
     </span>
     <span class='ocr_line' id='line_1_32' title="bbox 130 3657 1238 3723; baseline 0 -17"><span class='ocrx_word' id='word_1_256' title='bbox 130 3657 165 3706; x_wconf 89' lang='lat' dir='ltr'>lat</span> <span class='ocrx_word' id='word_1_257' title='bbox 188 3666 214 3708; x_wconf 89' lang='lat' dir='ltr'>et</span> <span class='ocrx_word' id='word_1_258' title='bbox 231 3657 462 3721; x_wconf 84' lang='lat' dir='ltr'>suauiloquentiam</span> <span class='ocrx_word' id='word_1_259' title='bbox 484 3662 572 3711; x_wconf 89' lang='lat' dir='ltr'>tribuit</span> <span class='ocrx_word' id='word_1_260' title='bbox 669 3661 715 3710; x_wconf 91' lang='lat' dir='ltr'>sed</span> <span class='ocrx_word' id='word_1_261' title='bbox 732 3669 771 3710; x_wconf 87' lang='lat' dir='ltr'>est</span> <span class='ocrx_word' id='word_1_262' title='bbox 790 3676 820 3710; x_wconf 86' lang='lat' dir='ltr'>ea</span> <span class='ocrx_word' id='word_1_263' title='bbox 840 3661 896 3710; x_wconf 79' lang='lat' dir='ltr'>laris</span> <span class='ocrx_word' id='word_1_264' title='bbox 917 3660 1076 3723; x_wconf 84' lang='lat' dir='ltr'>eloquentiae</span> <span class='ocrx_word' id='word_1_265' title='bbox 1095 3667 1163 3707; x_wconf 89' lang='lat' dir='ltr'>certe</span> <span class='ocrx_word' id='word_1_266' title='bbox 1183 3673 1238 3707; x_wconf 89' lang='lat' dir='ltr'>ma-</span> 
     </span>
     <span class='ocr_line' id='line_1_33' title="bbox 127 3728 1236 3797; baseline 0 -21"><span class='ocrx_word' id='word_1_267' title='bbox 127 3728 213 3777; x_wconf 82' lang='lat' dir='ltr'>xima:</span> <span class='ocrx_word' id='word_1_268' title='bbox 239 3729 269 3777; x_wconf 91' lang='lat' dir='ltr'>is</span> <span class='ocrx_word' id='word_1_269' title='bbox 286 3728 410 3778; x_wconf 91' lang='lat' dir='ltr'>dictust</span> <span class='ocrx_word' id='word_1_270' title='bbox 505 3745 543 3796; x_wconf 91' lang='lat' dir='ltr'>po</span> <span class='ocrx_word' id='word_1_271' title='bbox 550 3730 632 3797; x_wconf 88' lang='lat' dir='ltr'>puli:</span> <span class='ocrx_word' id='word_1_272' title='bbox 657 3730 737 3795; x_wconf 88' lang='lat' dir='ltr'>probe</span> <span class='ocrx_word' id='word_1_273' title='bbox 752 3745 828 3791; x_wconf 89' lang='lat' dir='ltr'>uero;</span> <span class='ocrx_word' id='word_1_274' title='bbox 846 3739 873 3780; x_wconf 89' lang='lat' dir='ltr'>ut</span> <span class='ocrx_word' id='word_1_275' title='bbox 887 3731 955 3781; x_wconf 89' lang='lat' dir='ltr'>enim</span> <span class='ocrx_word' id='word_1_276' title='bbox 969 3729 1081 3779; x_wconf 88' lang='lat' dir='ltr'>hominis</span> <span class='ocrx_word' id='word_1_277' title='bbox 1095 3728 1236 3793; x_wconf 80' lang='lat' dir='ltr'>ingenium,</span> 
     </span>
     <span class='ocr_line' id='line_1_34' title="bbox 128 3796 1237 3864; baseline 0 -19"><span class='ocrx_word' id='word_1_278' title='bbox 128 3797 167 3846; x_wconf 90' lang='lat' dir='ltr'>sic</span> <span class='ocrx_word' id='word_1_279' title='bbox 183 3796 281 3864; x_wconf 76' lang='lat' dir='ltr'>ingenii</span> <span class='ocrx_word' id='word_1_280' title='bbox 298 3798 383 3864; x_wconf 88' lang='lat' dir='ltr'>ipsius</span> <span class='ocrx_word' id='word_1_281' title='bbox 400 3797 485 3851; x_wconf 90' lang='lat' dir='ltr'>lumen</span> <span class='ocrx_word' id='word_1_282' title='bbox 505 3808 544 3850; x_wconf 89' lang='lat' dir='ltr'>est</span> <span class='ocrx_word' id='word_1_283' title='bbox 562 3798 720 3863; x_wconf 87' lang='lat' dir='ltr'>eloquentia,</span> <span class='ocrx_word' id='word_1_284' title='bbox 750 3815 801 3862; x_wconf 89' lang='lat' dir='ltr'>qun</span> <span class='ocrx_word' id='word_1_285' title='bbox 816 3801 900 3849; x_wconf 87' lang='lat' dir='ltr'>ulrum</span> <span class='ocrx_word' id='word_1_286' title='bbox 920 3800 1087 3849; x_wconf 84' lang='lat' dir='ltr'>excellentem</span> <span class='ocrx_word' id='word_1_287' title='bbox 1106 3796 1237 3863; x_wconf 85' lang='lat' dir='ltr'>praeclare</span> 
     </span>
    </p>
   </div>
   <div class='ocr_carea' id='block_1_8' title="bbox 129 3906 332 3918">
    <p class='ocr_par' dir='ltr' id='par_1_12' title="bbox 129 3906 332 3918">
     <span class='ocr_line' id='line_1_35' title="bbox 129 3906 332 3918; baseline -0.005 0"><span class='ocrx_word' id='word_1_288' title='bbox 129 3906 332 3918; x_wconf 69' lang='lat' dir='ltr'><em>——a—</em></span> 
     </span>
    </p>
   </div>
   <div class='ocr_carea' id='block_1_9' title="bbox 127 3970 1238 4384">
    <p class='ocr_par' dir='ltr' id='par_1_13' title="bbox 127 3970 1238 4384">
     <span class='ocr_line' id='line_1_36' title="bbox 168 3970 1238 4048; baseline -0.004 -15"><span class='ocrx_word' id='word_1_289' title='bbox 168 3976 223 4033; x_wconf 88' lang='grc'>300</span> <span class='ocrx_word' id='word_1_290' title='bbox 242 3971 371 4045; x_wconf 86' lang='lat' dir='ltr'>phoenos</span> <span class='ocrx_word' id='word_1_291' title='bbox 387 3970 476 4048; x_wconf 71' lang='lat' dir='ltr'>Duqd.</span> <span class='ocrx_word' id='word_1_292' title='bbox 496 3991 586 4047; x_wconf 88' lang='lat' dir='ltr'>penos</span> <span class='ocrx_word' id='word_1_293' title='bbox 601 3973 742 4030; x_wconf 82' lang='lat' dir='ltr'>Holbertt.</span> <span class='ocrx_word' id='word_1_294' title='bbox 758 3973 828 4046; x_wconf 82' lang='lat' dir='ltr'>Req.</span> <span class='ocrx_word' id='word_1_295' title='bbox 844 3972 930 4047; x_wconf 80' lang='lat' dir='ltr'>Sonq.</span> <span class='ocrx_word' id='word_1_296' title='bbox 1057 3977 1108 4032; x_wconf 85' lang='grc'>301</span> <span class='ocrx_word' id='word_1_297' title='bbox 1129 3973 1238 4029; x_wconf 78' lang='lat' dir='ltr'>fortuna</span> 
     </span>
     <span class='ocr_line' id='line_1_37' title="bbox 127 4056 1233 4130; baseline -0.002 -17"><span class='ocrx_word' id='word_1_298' title='bbox 127 4075 181 4113; x_wconf 90' lang='lat' dir='ltr'>om.</span> <span class='ocrx_word' id='word_1_299' title='bbox 202 4057 266 4113; x_wconf 67' lang='lat' dir='ltr'>tora</span> <span class='ocrx_word' id='word_1_300' title='bbox 349 4059 428 4113; x_wconf 86' lang='lat' dir='ltr'>uaria</span> <span class='ocrx_word' id='word_1_301' title='bbox 443 4059 542 4115; x_wconf 86' lang='lat' dir='ltr'>Bomb.</span> <span class='ocrx_word' id='word_1_302' title='bbox 571 4060 623 4116; x_wconf 88' lang='lat' dir='ltr'>uiri</span> <span class='ocrx_word' id='word_1_303' title='bbox 640 4077 657 4114; x_wconf 92' lang='lat' dir='ltr'>a</span> <span class='ocrx_word' id='word_1_304' title='bbox 675 4061 761 4115; x_wconf 78' lang='lat' dir='ltr'>celeri</span> <span class='ocrx_word' id='word_1_305' title='bbox 844 4076 907 4113; x_wconf 90' lang='lat' dir='ltr'>cum</span> <span class='ocrx_word' id='word_1_306' title='bbox 926 4059 955 4112; x_wconf 81' lang='grc' dir='ltr'>Ι.</span> <span class='ocrx_word' id='word_1_307' title='bbox 971 4058 1066 4113; x_wconf 72' lang='lat' dir='ltr'>Dorico</span> <span class='ocrx_word' id='word_1_308' title='bbox 1085 4057 1164 4130; x_wconf 79' lang='lat' dir='ltr'>apud</span> <span class='ocrx_word' id='word_1_309' title='bbox 1177 4056 1233 4112; x_wconf 85' lang='lat' dir='ltr'>Me-</span> 
     </span>
     <span class='ocr_line' id='line_1_38' title="bbox 128 4141 1238 4213; baseline -0.004 -15"><span class='ocrx_word' id='word_1_310' title='bbox 128 4144 231 4206; x_wconf 80' lang='lat' dir='ltr'>rulam,</span> <span class='ocrx_word' id='word_1_311' title='bbox 260 4141 446 4213; x_wconf 77' lang='lat' dir='ltr'>Wakefieltlut</span> <span class='ocrx_word' id='word_1_312' title='bbox 461 4144 500 4199; x_wconf 86' lang='lat' dir='ltr'>od</span> <span class='ocrx_word' id='word_1_313' title='bbox 512 4145 597 4200; x_wconf 70' lang='lat' dir='ltr'>haer.</span> <span class='ocrx_word' id='word_1_314' title='bbox 613 4143 634 4200; x_wconf 93' lang='lat' dir='ltr'>l</span> <span class='ocrx_word' id='word_1_315' title='bbox 644 4147 710 4208; x_wconf 71' lang='grc'><strong>388,</strong></span> <span class='ocrx_word' id='word_1_316' title='bbox 735 4160 789 4197; x_wconf 72' lang='lat' dir='ltr'>om·</span> <span class='ocrx_word' id='word_1_317' title='bbox 803 4142 867 4198; x_wconf 73' lang='lat' dir='ltr'>libri</span> <span class='ocrx_word' id='word_1_318' title='bbox 950 4144 1002 4198; x_wconf 93' lang='lat' dir='ltr'>uiri</span> <span class='ocrx_word' id='word_1_319' title='bbox 1020 4141 1122 4196; x_wconf 90' lang='lat' dir='ltr'>ualidis</span> <span class='ocrx_word' id='word_1_320' title='bbox 1142 4157 1159 4195; x_wconf 94' lang='lat' dir='ltr'>a</span> <span class='ocrx_word' id='word_1_321' title='bbox 1173 4141 1238 4195; x_wconf 90' lang='lat' dir='ltr'>uiri·</span> 
     </span>
     <span class='ocr_line' id='line_1_39' title="bbox 128 4224 1237 4301; baseline -0.001 -20"><span class='ocrx_word' id='word_1_322' title='bbox 128 4229 181 4281; x_wconf 89' lang='lat' dir='ltr'>bus</span> <span class='ocrx_word' id='word_1_323' title='bbox 206 4225 257 4281; x_wconf 83' lang='lat' dir='ltr'>Tb.</span> <span class='ocrx_word' id='word_1_324' title='bbox 273 4228 382 4298; x_wconf 56' lang='lat' dir='ltr'>nouus</span> <span class='ocrx_word' id='word_1_325' title='bbox 489 4233 542 4288; x_wconf 93' lang='grc'>303</span> <span class='ocrx_word' id='word_1_326' title='bbox 561 4230 734 4301; x_wconf 78' lang='lat' dir='ltr'>Lybiamque</span> <span class='ocrx_word' id='word_1_327' title='bbox 756 4228 827 4284; x_wconf 79' lang='lat' dir='ltr'>God.</span> <span class='ocrx_word' id='word_1_328' title='bbox 843 4228 872 4283; x_wconf 78' lang='lat' dir='ltr'>tit</span> <span class='ocrx_word' id='word_1_329' title='bbox 890 4228 973 4284; x_wconf 79' lang='lat' dir='ltr'>Tute.</span> <span class='ocrx_word' id='word_1_330' title='bbox 1003 4228 1153 4295; x_wconf 86' lang='lat' dir='ltr'>libiamquo</span> <span class='ocrx_word' id='word_1_331' title='bbox 1174 4224 1237 4280; x_wconf 75' lang='lat' dir='ltr'>nrt.</span> 
     </span>
     <span class='ocr_line' id='line_1_40' title="bbox 129 4310 650 4384; baseline 0.006 -19"><span class='ocrx_word' id='word_1_332' title='bbox 129 4311 207 4366; x_wconf 83' lang='lat' dir='ltr'>den.</span> <span class='ocrx_word' id='word_1_333' title='bbox 223 4310 252 4370; x_wconf 83' lang='lat' dir='ltr'>tl.</span> <span class='ocrx_word' id='word_1_334' title='bbox 357 4315 409 4372; x_wconf 80' lang='grc'><strong>305</strong></span> <span class='ocrx_word' id='word_1_335' title='bbox 431 4311 650 4384; x_wconf 79' lang='lat' dir='ltr'>Cetheguslt&#39;bri</span> 
     </span>
    </p>
   </div>
   <div class='ocr_carea' id='block_1_10' title="bbox 0 0 1425 4988">
    <p class='ocr_par' dir='ltr' id='par_1_14' title="bbox 0 0 1425 4988">
     <span class='ocr_line' id='line_1_41' title="bbox 0 0 1425 4988; baseline 0 0"><span class='ocrx_word' id='word_1_336' title='bbox 0 0 1425 4988; x_wconf 95' lang='lat' dir='ltr'> </span> 
     </span>
    </p>
   </div>
  </div>
 </body>
</html>
