2834 4988
584 397 813 454 nuumuaa
1194 409 1255 456 mx
1280 372 1284 381 ’

145 570 204 618 tere
232 564 351 635 bootem,
378 566 510 621 breuitate
536 566 641 622 bobiles
667 573 694 622 et
720 583 782 623 marn
803 566 986 622 mucronibus.
1038 562 1117 640 Ergo
1146 566 1174 624 in
1199 565 1257 626 boc

146 666 221 724 libro
252 666 359 727 Ennius
390 667 558 727 Hannibalis
586 688 634 728 res
661 687 733 747 quas
761 670 789 727 in
813 667 950 746 Hispania
978 672 1071 746 gessit
1099 690 1192 749 usque
1220 673 1257 733 ad

146 773 295 832 transitum
318 772 438 855 Alpium
456 777 606 835 cecinerit.
652 773 723 834 Nam
745 775 822 853 quod
840 774 951 852 Hugius
974 775 1040 835 huic
1064 777 1156 835 annali
1179 777 1256 837 bella

146 895 223 957 quae
244 879 365 957 primum
387 890 417 941 et
438 881 597 940 secundum
619 880 754 940 Punicum
777 883 993 956 intercessere,
1019 880 1166 955 Illyricum
1189 882 1254 943 Gal·

146 984 292 1063 licumque
314 986 422 1047 ascribi
445 987 548 1062 uoluit,
570 987 637 1046 mibi
661 1004 759 1064 parurn
780 984 933 1064 probabile
957 996 1001 1047 est
1020 994 1137 1065 poetam
1160 1007 1256 1049 rerum

145 1091 316 1151 Punicarum
338 1091 492 1152 decursum
510 1094 715 1170 interrupisse,
738 1095 787 1172 qui
807 1093 922 1171 quidem
942 1101 1026 1168 gesta
1046 1091 1170 1170 Philippi
1190 1112 1256 1171 per·

144 1198 277 1256 tractatis
301 1198 414 1257 demum
437 1197 495 1257 illis
519 1199 605 1258 bellis
630 1217 685 1259 uno
710 1208 814 1259 tenore
837 1199 1007 1258 deducenda
1030 1198 1189 1258 incohauit:
1215 1208 1256 1260 in-

143 1322 206 1362 sece
231 1306 316 1363 Musa
344 1325 428 1365 mnu
459 1311 649 1366 Romanorum
676 1311 859 1381 irrrlnperctor
889 1310 969 1376 (lucri
995 1312 1108 1381 qumque
1133 1311 1163 1364 in
1190 1310 1257 1366 bollo

142 1414 229 1484 possit
246 1430 309 1470 cam
329 1429 395 1488 repe
413 1416 543 1487 Philippo
567 1409 610 1488 (X
628 1411 662 1470 ir.
676 1410 715 1489 l).
761 1410 919 1470 Praeterea
942 1430 1045 1469 uersus
1069 1411 1172 1489 quibus
1197 1410 1256 1469 llu-

145 1516 212 1592 gius
234 1516 370 1575 tumultus
386 1515 515 1576 Gallicos
536 1518 692 1593 significari
705 1518 820 1592 statuit,
843 1534 897 1575 nos
917 1514 953 1575 ad
975 1525 1105 1593 quartum
1124 1517 1256 1575 annalem

145 1622 343 1699 relegauimus
367 1622 419 1701 (lr.
436 1623 508 1702 Vl);
543 1624 617 1683 alter
638 1634 749 1699 autem,
784 1642 841 1703 quo
865 1624 955 1698 lllyrii
978 1624 1159 1682 nominantur
1181 1624 1253 1701 (inc.

145 1727 209 1786 sed·
238 1726 362 1807 XLIV),
396 1739 515 1809 praeter
539 1732 745 1790 necessitatem
771 1731 806 1789 ad
836 1732 928 1808 ipsum
954 1729 1062 1790 bellum
1092 1729 1255 1804 lllyriorum

144 1835 289 1909 refertur,
321 1837 371 1913 qui
393 1854 457 1895 cum
479 1835 547 1895 alibi
576 1845 633 1894 tum
660 1837 689 1894 in
716 1835 796 1895 bello
820 1836 1012 1896 Macedonico
1035 1836 1137 1895 baberi
1164 1840 1256 1915 potuit

145 1940 224 1999 conl.
249 1939 330 2000 Liuio
352 1940 449 2000 XXXI
465 1941 515 2002 34.
533 1941 583 2001 35.
598 1942 649 2001 40.

232 2045 355 2105 Restant
382 2049 493 2127 aliquot
522 2057 551 2108 et
578 2049 679 2126 plures
706 2047 822 2126 quidem
845 2064 930 2125 quam
954 2048 1017 2124 ipse
1045 2048 1152 2107 uellem
1175 2051 1254 2110 citati

144 2170 184 2210 ex
202 2150 260 2210 hoc
283 2151 358 2212 libro
378 2172 492 2228 uersus,
516 2172 589 2232 quos
611 2173 675 2214 cum
690 2155 717 2211 in
737 2161 817 2212 certa
837 2152 908 2210 sede
930 2152 1088 2212 conlocare
1111 2171 1168 2212 non
1187 2173 1254 2233 pos·

145 2276 226 2333 sem,
258 2277 275 2318 a
303 2259 411 2318 ceteris
434 2262 600 2337 segregaui.
651 2260 696 2319 De
723 2276 844 2339 quorum
867 2259 966 2335 primis
990 2259 1103 2319 duobus
1125 2267 1258 2321 erraterrat

144 2369 199 2423 baro
227 2383 328 2424 nonem
356 2371 524 2440 compulsam
548 2372 676 2442 fluctibus
693 2376 797 2443 paratus
823 2363 894 2443 (Xl)
924 2374 953 2424 et
979 2371 1141 2426 alternare
1165 2374 1256 2444 cupit.-

143 2476 216 2529 cllcr
239 2488 372 2547 pupnore
387 2479 522 2545 paratoni
543 2470 629 2553 (ΧΗ)
661 2474 718 2532 boc
741 2470 874 2551 procliue
898 2480 943 2529 est
966 2472 1140 2548 intellegere
1165 2490 1254 2550 posse

144 2593 198 2636 eos
220 2575 257 2635 ad
278 2575 361 2635 buius
387 2574 458 2635 belli
481 2579 637 2636 certamina
659 2577 772 2638 naualia
797 2578 962 2654 pertinere,
994 2581 1125 2655 apertius
1147 2581 1254 2657 signili-

144 2701 212 2742 care
233 2682 422 2741 occasionem
441 2700 499 2742 non
520 2683 598 2742 licet.
645 2681 755 2754 Quibus
774 2693 897 2762 possunt
917 2703 954 2743 ex
973 2686 1091 2743 incertis
1106 2702 1163 2743 non
1184 2686 1255 2745 nulli

144 2788 276 2847 eiusdem
302 2789 422 2864 generis
451 2808 555 2849 uersus
583 2790 716 2866 adiungi:
746 2795 831 2849 isdem
860 2810 976 2866 canopus
998 2794 1080 2849 babel
1105 2798 1254 2851 animarum

144 2899 262 2955 ababuc
284 2899 370 2970 lonpis
390 2894 462 2971 (luc.
481 2897 544 2955 sed.
563 2894 657 2973 XlX),
680 2905 706 2956 et
721 2901 815 2955 molior
834 2904 1014 2972 narranaam
1032 2915 1106 2971 quoe
1125 2902 1254 2956 citatorio

139 3010 237 3076 portat
251 2998 351 3077 (XX),
374 3007 477 3076 inperiti
494 3007 572 3062 uadit
585 3020 671 3061 cursa
691 3023 747 3078 qno
763 3006 885 3061 redditio
907 3013 992 3061 termo
1014 3012 1054 3060 est
1073 2999 1190 3079 (XXI),
1214 3002 1252 3059 si·

145 3106 261 3183 quidem
284 3104 359 3164 bunc
377 3113 464 3185 poeta
482 3107 519 3167 de
536 3109 602 3167 naui
618 3106 737 3181 extulit,
763 3115 792 3165 et
814 3111 954 3165 hortatore
968 3110 1036 3165 bono
1049 3110 1134 3179 prius
1149 3125 1252 3180 quam.

141 3216 243 3287 sinibars
269 3222 354 3271 immo
386 3212 510 3293 (XXll).
561 3213 747 3273 Hortatorem
776 3213 851 3271 enim
879 3212 987 3271 Ennius
1016 3211 1085 3268 dicit
1116 3227 1180 3268 eum
1206 3211 1254 3287 qui

145 3320 191 3378 ‘in
213 3319 288 3377 mari
307 3320 437 3396 remiges
460 3321 608 3380 bortatur'
640 3319 747 3397 (Plauti
771 3318 890 3378 blercat.
916 3315 1011 3394 696),
1040 3332 1126 3392 quern
1149 3313 1254 3374 Graeci

145 3416 302 3500 κελευστὴν
323 3424 520 3503 adpellabant.
564 3426 658 3485 Etiam
680 3427 819 3484 incertior
837 3443 885 3483 res
905 3431 951 3482 est
971 3421 1007 3480 de
1031 3420 1093 3478 his:
1118 3425 1182 3479 dum
1198 3426 1255 3480 cto-

143 3550 208 3588 uum
231 3537 338 3589 rectam
359 3540 464 3591 teneam
486 3549 640 3606 nouamque
662 3534 808 3606 puberncm
833 3528 960 3608 (XXlll)
984 3535 1029 3585 et:
1059 3530 1137 3584 boteri
1154 3535 1254 3586 temere

144 3639 273 3710 estquod
294 3645 322 3695 tu
336 3643 408 3696 tristi
423 3657 485 3697 cam
505 3641 589 3696 corde
608 3638 748 3710 pubernca
771 3635 906 3713 (XXIV),
939 3634 1069 3707 Quorum
1088 3631 1145 3691 boc
1163 3650 1252 3711 prop·

145 3748 190 3799 ter
211 3739 375 3816 ambiguam
398 3739 578 3817 gubernandi
605 3743 752 3800 notionem
779 3760 836 3800 non
866 3739 1035 3798 necessario
1061 3736 1097 3795 ad
1120 3755 1181 3795 rem
1203 3755 1252 3795 na·

145 3845 241 3904 ualeru
259 3845 397 3905 relertur.
439 3845 522 3905 lllins
542 3855 638 3905 autem
660 3847 830 3906 sententiam
852 3864 907 3905 nec
929 3844 1060 3903 editores
1083 3843 1253 3920 superiores

146 3969 200 4011 nec
221 3951 333 4028 Hugius
352 3959 576 4029 perspexerunt.
628 3951 885 4009 Adhaerescentes
905 3950 980 4006 enim
1000 3946 1103 4006 lsidori
1123 3950 1251 4007 testimo-

148 4054 193 4111 nio
216 4053 266 4130 qui
286 4051 385 4132 (Orig.
402 4054 472 4114 XlX
489 4054 525 4134 2)
544 4064 634 4113 totum
652 4072 768 4112 uersum
786 4053 824 4112 ita
845 4053 944 4112 citauit
965 4060 996 4112 nt
1011 4057 1121 4112 clauum
1140 4070 1210 4130 eq.
1227 4071 1251 4111 s.

149 4157 218 4217 banc
243 4176 312 4217 esse
336 4157 372 4217 de
403 4161 550 4218 exercitiis
573 4158 767 4217 Romanorum
790 4158 941 4217 naualibus
964 4158 1164 4235 depromptam
1186 4173 1251 4234 par-

148 4264 260 4325 ticulam
282 4263 504 4324 arbitrabantur.
555 4264 594 4323 At
619 4282 718 4324 ueram
747 4282 850 4322 uersus
873 4263 1003 4341 speciem
1028 4261 1156 4321 seruauit
1177 4259 1253 4319 baud
