2834 4988
583 413 813 470 ΕΝΝΙΑΝΑΕ
1115 420 1252 470 Lxxxtx

143 600 202 642 rem
225 579 254 641 hi
278 598 381 640 uersus
404 596 551 637 numerum
575 577 746 638 exhibeant:
772 597 808 637 ex
831 577 888 637 hoc
911 579 984 638 enim
1006 594 1114 636 uereor
1135 586 1165 637 ut
1188 596 1252 639 cum
1323 590 1328 598 ’

142 688 239 769 aliqua
262 685 468 765 probabilitate
495 684 640 745 Sotadeus
666 686 834 744 suscitetur·
866 693 966 744 contra
989 703 1026 743 ex
1046 693 1170 762 utroque
1194 684 1252 743 leni

142 813 226 856 manu
241 793 340 873 possis
355 794 552 852 Saturniorum
570 792 727 871 particulas
746 793 930 871 confingere:
950 831 967 846 e
978 801 998 844 -’
1011 809 1098 867 neque
1115 793 1160 851 itle
1176 794 1254 851 triste

143 902 317 980 ·pueen'tdt
347 899 442 976 eedpt
467 904 562 976 Neque
590 903 676 974 cee'pe
704 903 836 959 maestum
859 907 901 954 L„
924 907 969 958 et:
990 897 1087 954 esc:
1105 920 1168 959 cum
1186 904 1252 975 epc'-

142 1015 202 1069 lio-
213 1011 325 1086 pc'nenis
342 1008 522 1067 detraxeritis
541 1010 628 1079 Οααηι
648 1011 853 1084 insenptidnem
870 1009 977 1066 ddbitis.
1020 1005 1091 1066 Nam
1114 1005 1183 1066 illud
1202 1004 1253 1066 ab·

143 1133 245 1176 sonum
263 1124 325 1189 est,
349 1113 426 1192 quod
444 1113 557 1192 quidam
572 1110 626 1171 iric
640 1131 774 1174 uersuum
795 1114 863 1174 nihil
879 1115 991 1174 odorati
1009 1113 1175 1192 pedestrem
1189 1129 1252 1173 ora·

144 1223 253 1282 tionem
275 1239 344 1280 esse
366 1221 474 1299 opinati
498 1228 573 1280 sunt.

229 1327 310 1387 lnter
331 1329 411 1407 ipsas
433 1325 516 1386 Ennii
539 1325 679 1405 reliquias
705 1329 768 1387 iure
790 1345 856 1388 meo
879 1330 984 1408 opinor
1007 1346 1022 1388 a
1046 1325 1141 1388 Gellio
1164 1323 1253 1386 1129

145 1435 278 1497 traditam
296 1432 409 1513 Aesopi
430 1432 555 1494 fabulam
574 1438 676 1514 recepi
698 1436 772 1513 (inc.
794 1445 848 1494 sat.
866 1435 938 1514 lV):
964 1453 1046 1514 quam
1065 1433 1116 1494 ille
1140 1430 1255 1491 abhoc

145 1549 234 1622 poeta
253 1540 402 1621 quadratis
423 1539 558 1599 uersibus
581 1544 771 1621 compositam
794 1542 889 1602 tradit.
935 1542 970 1603 Ni
989 1543 1088 1602 mirum
1112 1549 1160 1600 aut
1181 1538 1256 1599 lallit

145 1668 189 1709 me
213 1666 317 1708 sensus
345 1655 393 1707 aut
413 1646 453 1707 ibi
477 1644 589 1706 Gellius
617 1644 681 1724 plus
705 1663 789 1724 quam
818 1654 1015 1722 argumentum
1038 1646 1185 1706 Ennianus
1209 1663 1254 1703 sa·

145 1766 227 1817 torae
250 1754 387 1815 seruauit.
423 1748 494 1811 (lum
517 1753 591 1811 enim
614 1753 769 1811 narrationi
791 1753 872 1830 ipsos
895 1751 997 1829 quibus
1021 1759 1108 1832 po'e'ta
1130 1752 1255 1812 tabulam

146 1861 323 1924 concluserit
345 1877 450 1919 uersus
473 1858 611 1934 subiciat,
635 1875 692 1918 non
714 1868 769 1918 tam
792 1877 830 1917 ex
853 1857 975 1936 Aesopo
998 1878 1049 1919 sua
1072 1861 1255 1919 conuertisse

145 1987 230 2048 quam
251 1965 336 2027 Ennii
357 1984 473 2025 carmen
494 1974 612 2025 secutus
631 1967 818 2026 contexuisse
840 1981 1003 2023 sermonem
1026 1967 1149 2026 uidetur.
1178 1966 1217 2025 Vt
1238 1986 1255 2026 e

146 2081 234 2154 poeta
263 2071 347 2132 color
374 2072 488 2151 quidam
517 2073 692 2150 antiquitatis
719 2073 884 2150 supersit,
913 2090 997 2149 quem
1017 2074 1066 2133 uel
1087 2073 1141 2134 bae
1164 2090 1256 2133 uoces

145 2201 179 2242 ac
201 2181 366 2241 locutiones
389 2196 515 2255 arguere
534 2179 702 2239 uideantur:
721 2185 794 2255 pelli
815 2183 1030 2239 tremibunda·
1038 2228 1045 2254 ,
1064 2184 1255 2254 trepiduli,

146 2291 336 2357 dioecesani,
359 2291 467 2345 messim
487 2290 562 2346 tanc
584 2289 660 2345 nobis
682 2291 827 2359 adiuuent,
849 2290 919 2345 boec
940 2290 987 2345 abi
1005 2293 1050 2346 itte
1070 2292 1140 2346 dreit
1158 2296 1185 2346 et
1199 2291 1256 2345 dis-

146 2401 241 2468 cessit,
268 2396 447 2469 obseqttibt‘lis,
473 2398 566 2468 primo
588 2397 656 2465 luci,
684 2398 777 2480 nidum
806 2400 943 2470 miprouit.
990 2394 1049 2453 Sed
1072 2393 1146 2453 haec
1173 2402 1256 2453 erunt

146 2501 272 2561 tortasse
295 2499 343 2577 qui
365 2499 456 2578 ipsum
476 2498 614 2575 Gellium,
635 2518 723 2577 quem
747 2502 922 2579 antiquitatis
943 2495 1104 2579 robiginem
1128 2502 1256 2579 inprimis

148 2607 300 2667 deamasse
329 2612 459 2678 constat,
492 2621 509 2662 e
541 2622 594 2664 suo
623 2609 799 2685 antiquarum
834 2608 989 2669 dictionum
1011 2627 1087 2687 penu
1110 2609 1256 2685 sparsisse

149 2714 313 2793 opinentur.
358 2710 446 2770 Esto:
470 2718 499 2770 at
513 2712 578 2788 quid
600 2711 696 2772 dicant
719 2712 779 2790 titi,
803 2717 828 2773 si
850 2717 978 2795 ipsorum
996 2731 1131 2773 uersuum
1152 2712 1257 2791 quibus

146 2820 220 2880 banc
252 2817 378 2878 iabulam
410 2816 520 2876 Ennius
552 2821 701 2878 contexuit
729 2820 868 2899 reliquias
901 2823 1038 2900 quasdam
1070 2837 1104 2878 ac
1132 2820 1257 2896 uestigia

147 2919 327 2985 ostendero?
356 2921 429 2983 Nam
449 2923 516 2983 uide
545 2942 609 2983 num
633 2942 716 2983 meae
748 2945 793 2985 me
817 2945 903 2987 aures
933 2926 1109 3001 fefellerint,
1143 2944 1206 2984 cum
1229 2926 1257 2983 in

147 3030 190 3092 bis
212 3049 288 3110 quae
310 3038 389 3089 sunt:
419 3032 446 3089 e't
466 3050 565 3089 monus
584 3037 639 3090 iam
661 3037 823 3106 pestutcre:
848 3037 955 3093 me'ssim
977 3036 1050 3090 benc
1078 3036 1154 3091 nobas
1176 3033 1251 3091 edre·

146 3147 225 3204 uent‚·
253 3137 345 3196 είάίὶηι
372 3142 443 3197 dieto
464 3139 621 3205 oboedisse
642 3145 662 3197 it
679 3141 737 3197 dies
759 3148 786 3197 et
804 3144 887 3197 amici
905 3143 975 3196 atilli
993 3149 1090 3203 erant,·
1109 3141 1162 3213 fiet
1182 3158 1256 3196 nune

146 3247 226 3303 debiti
240 3249 361 3318 proarch·
379 3249 436 3305 adn
455 3254 570 3305 metetur
591 3249 679 3322 neque
700 3255 868 3305 necessumst
887 3248 966 3303 bodie
986 3250 1027 3302 uti
1046 3265 1096 3305 uos
1115 3249 1255 3321 deiferam,

147 3363 209 3409 cum
232 3350 262 3408 in
280 3349 325 3409 his
341 3351 429 3428 igitur
449 3354 559 3411 numeri
578 3353 710 3431 quiddam
730 3352 870 3413 trochaici
890 3351 956 3411 milri
979 3353 1058 3410 uisus
1079 3370 1140 3410 sum
1161 3351 1255 3429 perci-

147 3474 234 3534 pere:
264 3463 353 3536 atque
379 3457 454 3518 haec
476 3477 512 3517 nc
535 3457 662 3519 litterula
691 3461 805 3539 quidem
835 3461 970 3518 inmutata
994 3477 1026 3518 se
1054 3457 1255 3536 prodiderunt,

148 3564 222 3623 unde
252 3561 277 3621 si
312 3562 460 3641 proticisci
496 3565 581 3640 licet,
616 3569 741 3645 procliui
776 3566 980 3628 emendatione
1015 3565 1141 3626 adhibita
1179 3565 1255 3625 aliae

149 3669 279 3730 eiusdem
298 3671 409 3729 numeri
431 3671 593 3748 particulae
617 3683 783 3752 emergunt,
812 3673 877 3733 uel:
907 3677 958 3732 ads
981 3677 1059 3732 mede
1080 3677 1131 3732 boe
1152 3675 1256 3732 adue'r-

147 3783 205 3845 tte·
226 3783 253 3835 si
268 3779 336 3852 quid
354 3780 462 3836 dicetur
483 3781 588 3845 denum
610 3785 640 3838 stt
660 3787 715 3839 iam
736 3786 824 3838 statim
844 3785 1074 3856 preparatisque
1094 3784 1177 3838 etiaim
1195 3797 1257 3837 sese

147 3887 270 3960 asportdt
287 3889 389 3943 locum:
412 3884 477 3944 alia.
524 3884 652 3958 Quorum
668 3895 699 3945 ut
720 3884 790 3944 nilril
811 3904 843 3944 re
863 3905 933 3946 uera
956 3886 1011 3945 hac
1031 3886 1132 3963 specie
1153 3885 1181 3942 iu
1198 3883 1255 3943 Eu·

147 3989 182 4048 uii
207 3997 306 4048 satura
319 3988 416 4063 luerit,
441 3998 535 4050 tamen
557 4000 600 4050 tot
623 3993 755 4072 dispersa
776 3993 804 4049 in
826 4009 880 4051 una
899 3994 1063 4052 narratione
1084 3992 1167 4052 metri
1188 4010 1255 4051 ues-

148 4095 214 4172 tigia
237 4111 295 4154 non
317 4096 411 4173 aptius
434 4098 528 4175 repeti
549 4116 632 4175 quam
656 4117 694 4157 ex
712 4099 775 4176 ipsa
799 4097 882 4157 Ennii
907 4101 991 4178 poesi
1014 4098 1170 4157 concedes.

229 4199 366 4280 Denique
390 4203 417 4260 in
439 4204 558 4262 incertis
580 4213 741 4264 saturarum
761 4180 842 4264 libris
862 4224 965 4266 uersus
984 4196 1124 4283 quosdam
1154 4222 1254 4262 recen·

150 4306 204 4383 sui,
232 4325 356 4389 quorum
376 4318 497 4370 metrum
519 4327 576 4370 non
603 4310 743 4372 abhorret
763 4311 799 4372 ab
822 4312 992 4387 annalibus,
1016 4311 1067 4370 sed
1090 4329 1165 4389 quae
1188 4328 1253 4368 sen·
