2834 4988
557 406 797 476 RELIQVIAE
1171 406 1233 474 177

632 572 728 644 XVII

223 688 361 760 Seruius
386 690 420 759 in
443 691 528 760 Aen.
557 691 571 760 l
601 700 660 762 190
699 697 785 761 ‘tum
818 693 959 785 uulgus:
992 694 1077 763 bene
1107 695 1233 788 uulgus

121 794 312 864 ductoribus
332 793 546 885 interemptis,
586 791 730 867 Ennius:
759 796 898 866 auium
917 797 1074 889 uulgus
1102 802 1135 868 et
1156 799 1232 868 alibi

120 897 333 969 hastarum
355 898 375 967 i.
392 920 426 967 e.‘
438 897 678 969 multitudinem
696 898 866 969 hastarum
881 903 913 970 et
927 901 1057 971 auium?
1098 903 1232 972 adium
1337 981 1342 988 ,

106 1002 276 1095 Δ,ιιυίςιιε
305 1006 346 1070 et
374 1001 588 1072 hastarum
613 1001 715 1072 alibi
744 1003 1053 1074 multitudinem
1083 1009 1121 1074 et
1156 1006 1232 1075 ha-

119 1109 275 1174 starum
296 1107 333 1174 et
354 1108 393 1174 et
411 1105 547 1175 auium
566 1105 638 1175 cod.
653 1103 792 1176 Cassell.
813 1107 948 1180 auium
971 1132 1003 1178 u.
1023 1113 1062 1178 et
1085 1109 1232 1179 hasta·
1311 1175 1320 1188 ,

118 1230 206 1277 rum
230 1208 251 1277 i.
273 1230 301 1277 e.
326 1208 633 1279 multitudinem
656 1208 688 1278 h.
714 1213 753 1280 et
778 1233 807 1280 a.
830 1210 946 1304 uulgo.
971 1213 1108 1283 auium
1133 1213 1232 1282 uul-

119 1333 196 1402 gus
230 1315 270 1382 et
301 1311 532 1384 hostiarum
571 1311 645 1404 [nil
679 1313 798 1383 iuuat
828 1313 1043 1386 humanum
1076 1315 1229 1409 genus]

117 1414 158 1483 H.
177 1415 340 1508 llbergius
364 1428 366 1431 ’

620 1517 730 1588 XVIII

218 1633 406 1726 porphyrio
432 1634 465 1703 in
488 1634 568 1704 Her.
591 1633 694 1705 Sati
717 1645 744 1720 1,
770 1645 806 1706 61
838 1638 887 1705 ‘at
909 1636 997 1707 bana
1018 1659 1097 1727 pars
1119 1636 1230 1711 homi-

116 1759 210 1807 num:
244 1738 351 1808 bona
376 1760 464 1807 nunc
493 1761 555 1829 pro
584 1760 707 1831 magna
734 1738 874 1824 dictum,
907 1745 944 1810 ut
973 1763 1075 1832 saepe
1089 1741 1230 1815 ,Ennius

116 1844 148 1909 et
170 1839 224 1911 alii
242 1843 395 1912 ueteres!

634 1940 713 2013 XIX

219 2056 334 2130 Cicero
364 2059 405 2129 de
425 2062 492 2130 nat.
517 2058 607 2129 deur.
637 2059 736 2145 1118,
756 2067 796 2130 49
825 2060 920 2130 ‘dum
945 2061 1057 2152 palato
1085 2061 1163 2155 quid
1186 2063 1230 2133 sit

117 2161 275 2251 optimum
302 2162 440 2233 indicat'
466 2161 689 2255 (Epicurus),
726 2163 847 2234 ‘caeli
878 2165 1078 2256 palatum,
1118 2170 1156 2235 ut
1184 2167 1228 2237 alt

118 2263 260 2352 EnniuS,
289 2288 355 2337 non
375 2265 547 2358 suspexit?

639 2366 705 2438 XX

69 2538 82 2547 .
217 2481 387 2552 Charisius
405 2483 419 2552 I
439 2507 471 2575 p.
493 2493 534 2555 99
553 2485 589 2554 Ρ.
616 2483 666 2573 (71
685 2483 793 2575 Lind.)
822 2482 1066 2557 ‘Cretenses
1088 2485 1226 2571 Ennius,

113 2590 150 2655 ut
169 2584 279 2656 Varro
300 2585 354 2657 lib.
373 2587 479 2678 primo
503 2588 544 2658 de
565 2609 719 2659 sermone
741 2588 860 2659 Latino
882 2588 1013 2659 scribit?

214 2827 339 2898 Paulus
366 2827 456 2898 Festi
482 2852 514 2919 p.
541 2837 581 2899 68
606 2828 649 2898 Μ.
683 2827 913 2898 ‘daedalam
942 2850 963 2897 a
985 2826 1146 2897 uarietate
1171 2848 1229 2897 re-

113 2953 186 3001 rum
211 2930 491 3024 artificiorumque
515 2930 634 3000 dietam
663 2953 740 3000 esse
768 2931 858 3021 apud
880 2930 1067 3000 Lucretium
1096 2932 1227 3015 terram,

114 3033 202 3125 apud
226 3033 367 3102 Ennium
396 3034 638 3118 Mineruam,
668 3033 756 3124 apud
777 3032 964 3125 Vergilium
991 3029 1105 3101 Circen
1132 3031 1229 3102 facile

113 3139 164 3206 est
182 3136 392 3227 intellegere,
421 3158 495 3206 cum
515 3135 640 3206 Graece
660 3128 855 3207 δαιδάλλειν
876 3135 1211 3257 signifiQuariare!

624 3271 719 3342 xxn
931 3292 937 3303 .

213 3375 360 3446 Aonides
390 3373 516 3445 sunus
547 3376 589 3446 aa
614 3373 731 3446 carun.
760 3366 823 3448 19
857 3306 1227 3464 ‘paeninsulas-

74 3608 78 3629 ι
111 3500 212 3652 Ruri,
230 3478 306 3550 dicit
331 3501 479 3601 -eam
503 3501 585 3551 uero
606 3476 734 3550 Ennius
761 3484 800 3549 et
827 3477 1029 3605 dominam
1055 3481 1095 3547 et
1118 3498 1228 3548 eram

615 3684 723 3755 XXIII

70 3808 73 3815 ·
215 3785 353 3856 Seruius
369 3786 403 3856 in
420 3790 503 3858 Aen.
526 3786 586 3859 XII
605 3798 667 3860 605
693 3789 817 3858 ‘flauas
834 3785 973 3856 Lauinia
989 3786 1113 3856 crines:
1137 3783 1235 3865 anti-,

111 3900 179 3981 qua
204 3889 300 3959 lectio
328 3889 465 3960 florus
490 3892 604 3962 habuit
632 3891 652 3962 i.
682 3913 710 3961 e.
739 3891 951 3976 florulentus,
985 3890 1159 3981 pulchros:
1193 3891 1227 3958 et
1296 3928 1299 3933 ·

1269 4078 1408 4195 ..aar

88 4026 92 4035 ·
111 3996 163 4062 est
182 4014 293 4062 sermo
312 3992 502 4063 Ennianus?

611 4095 724 4166 XXIV

127 4262 133 4269 .
215 4196 354 4266 Seruius
383 4196 417 4265 in
445 4197 529 4266 Aen.
557 4196 619 4268 VH
648 4208 711 4271 804
746 4200 919 4268 ‘florentes
950 4216 1027 4265 aere
1061 4197 1223 4264 cateruas.
1296 4222 1334 4287 J„

111 4300 238 4371 Ennius
259 4304 292 4371 et
310 4299 484 4371 Lucretius
507 4301 685 4372 flurens'
707 4301 773 4392 (alii
791 4300 943 4387 flores3
967 4298 1020 4368 alii
1040 4296 1223 4386 florere)

153 4420 266 4478 Errurvs.
979 4409 1020 4472 12
