2834 4988
569 422 929 481 TRAGOEDIARVM

730 600 764 669 V

293 720 411 805 Labr'rl,
435 720 589 788 labnnlur
611 723 710 807 saxa,
734 719 924 790 esculentae
946 718 1076 787 cadunt.

636 862 639 869 '
720 857 770 928 Vl

608 978 690 1048 caeli
712 977 867 1071 ingentes
889 974 1033 1045 ldrniees

717 1115 780 1185 VII

294 1235 421 1306 Latona
442 1233 539 1326 pariit
561 1237 653 1306 easta
675 1235 850 1326 complexu
874 1233 963 1304 louis

203 1348 266 1410 425
292 1339 365 1410 Deli
387 1340 469 1409 deos
492 1339 654 1432 geminos

709 1457 785 1528 VIII

292 1578 412 1671 Flsgni
434 1578 626 1671 principium
651 1583 702 1649 est
724 1577 849 1649 nudare
872 1577 956 1645 inter
978 1572 1060 1643 ciuis
1083 1571 1224 1662 corpora

722 1715 768 1786 IX

295 1889 301 1904 .
357 1889 365 1903 .
420 1889 427 1903 .
481 1834 557 1928 quin
582 1836 657 1907 inde
679 1834 792 1906 inultis
814 1830 1015 1925 sumpserint
1037 1828 1262 1922 perdvellibns

731 1972 763 2042 X

294 2089 431 2160 Amicus
453 2095 563 2162 certus
587 2093 619 2162 iu
643 2115 678 2163 re
699 2093 824 2163 ineerta
845 2087 998 2160 ee'rnitur.

190 2356 255 2390 noae
273 2341 375 2390 misisse
392 2342 463 2390 aiunt
481 2341 607 2405 quondam
625 2345 652 2393 iu
667 2345 792 2410 gremium
807 2341 913 2391 imbrem
928 2353 1040 2389 aureum.
1057 2332 1062 2403 Ι
1078 2336 1185 2401 Egomet
1202 2347 1307 2396 quoque

192 2410 219 2460 id
236 2418 352 2474 spectare
370 2413 456 2476 coepi:
484 2419 509 2460 et
532 2413 593 2474 quia
611 2413 770 2463 consimilem
790 2413 885 2463 luserat
904 2406 909 2476 Ι
930 2409 983 2459 lam
1002 2407 1063 2459 olim
1081 2406 1125 2454 ille
1144 2405 1247 2461 ludum,
1267 2405 1307 2453 in-

190 2480 285 2545 pendio
300 2480 384 2545 magis
404 2481 504 2530 animus
527 2481 655 2546 gaudebat
672 2483 751 2542 mihi;
771 2480 776 2549 Ι
799 2483 879 2532 neum
903 2494 960 2529 sese
978 2479 1004 2528 in
1021 2477 1132 2543 pretium
1148 2475 1307 2524 conuertisse

191 2555 216 2597 ot
237 2563 284 2613 per
308 2549 405 2599 alienas
430 2549 530 2615 tegulas
557 2548 561 2616 Ι
587 2553 696 2602 Venisse
719 2552 875 2601 clanculum:
898 2565 945 2616 per
965 2548 1081 2614 pluuiam
1104 2545 1191 2594 lucum
1208 2543 1307 2593 factum

190 2617 299 2668 mulieri.
321 2614 325 2685 l
347 2619 381 2666 At
398 2633 472 2681 quem
491 2619 585 2668 deum?
604 2623 656 2682 qui
674 2622 809 2688 templa¹
830 2638 853 2674 c.
871 2638 895 2684 q.
915 2636 936 2671 s.
974 2618 1088 2669 Donatus
1107 2615 1131 2663 in
1151 2613 1178 2666 h.
1200 2612 1216 2663 l.
1236 2617 1307 2662 ‘so-

190 2688 257 2736 nitu
276 2689 435 2737 concutit:
461 2685 593 2755 παρῳὸία
611 2690 643 2739 de
661 2692 752 2742 Ennio.
788 2690 910 2756 templa
928 2687 1028 2738 caeli:
1055 2684 1181 2736 sententia
1196 2683 1305 2749 tragica,

190 2757 237 2805 sed
255 2756 287 2806 de
304 2756 443 2812 industria,
463 2772 512 2809 non
531 2761 632 2808 errore.'
704 2762 727 2810 V
752 2760 848 2810 Nouius
868 2776 893 2825 p.
916 2757 981 2812 100,
1001 2756 1035 2807 30
1060 2760 1301 2804 ‘caementa...

190 2825 307 2875 feminini
327 2827 434 2876 lluuius:
452 2827 531 2876 labat·
552 2845 575 2882 e.
596 2845 620 2893 q.
641 2845 662 2879 s.
732 2831 768 2878 Vl
784 2831 866 2881 Varro
891 2829 923 2878 de
941 2828 970 2877 L.
989 2826 1018 2879 L.
1040 2826 1062 2875 V
1082 2823 1114 2874 19
1133 2823 1166 2872 lll.
1192 2833 1221 2872 ‘a
1239 2822 1305 2871 chao

190 2893 296 2956 choum,
321 2894 381 2946 hinc
404 2911 495 2946 cauum
513 2905 537 2946 et
555 2898 614 2948 lriuc
638 2899 762 2950 eaelum
838 2905 862 2948 et
880 2898 977 2947 Ennius
995 2897 1055 2945 item
1079 2894 1111 2943 nd
1130 2892 1304 2942 sanationem:

189 2965 255 3015 caeli
268 2967 285 3016 i.
300 2965 328 3014 l:
348 2964 451 3017 ¹Cicero
468 2966 499 3016 de
515 2977 578 3019 orat.
593 2969 684 3028 41140,
701 2969 749 3020 102
768 2970 833 3032 ‘quo
847 2971 872 3017 iu
885 2982 978 3033 genere
996 2966 1106 3030 primum
1125 2971 1164 3012 cst
1180 2961 1307 3027 fugienda

189 3035 385 3085 dissimilitudo:
405 3036 499 3089 coelii.
516 3037 536 3088 l.
574 3037 697 3096 Quamuis
711 3038 847 3103 sphaeram
866 3039 891 3086 in
909 3051 1011 3087 scenam
1033 3035 1073 3099 (ut
1089 3033 1193 3094 dicitur)
1212 3030 1306 3081 attule-

189 3105 221 3153 rit
243 3106 354 3162 Ennius‚
369 3114 461 3159 ‚tamen
487 3107 512 3154 in
536 3107 647 3172 sphaera
670 3108 776 3158 fornicis
801 3106 942 3158 similitudo
970 3120 1020 3156 non
1048 3110 1132 3169 potest
1164 3102 1267 3152 inesse’

223 3175 270 3223 VII
288 3175 370 3225 Varro
389 3175 421 3224 dc
439 3175 469 3226 L.
489 3175 519 3228 L.
537 3178 584 3226 Vll
611 3177 644 3228 10
662 3178 696 3226 Μ.
734 3178 845 3227 ‘Ennius
869 3175 948 3242 [Med.
974 3174 1006 3227 fr.
1026 3170 1121 3238 XVlll]
1203 3171 1305 3222 Titanis

189 3243 271 3304 dieta,
291 3245 359 3306 quod
378 3260 433 3293 cam
453 3247 540 3310 genuit
558 3247 656 3297 Titanis
673 3247 746 3297 Lato.
783 3247 846 3296 Lato
862 3246 944 3307 euim,
964 3251 991 3293 ut
1009 3244 1097 3292 scribit
1110 3240 1245 3300 Manilius,
1265 3248 1307 3290 est

189 3311 255 3364 Coeo
267 3321 351 3363 creata
365 3314 473 3364 Titanis.
510 3316 551 3363 Vt
565 3316 648 3366 idem
665 3317 767 3367 scribit:
795 3315 905 3365 Latoua'
924 3330 946 3363 e.
960 3332 984 3378 q.
1001 3329 1022 3362 s.
1045 3313 1086 3362 ‘id
1105 3319 1143 3361 est
1156 3309 1304 3375 Apollinem

189 3390 214 3431 et
229 3383 356 3432 Dianam:
386 3384 427 3432 Ad
438 3383 545 3432 Ennium
562 3385 603 3435 his
616 3387 702 3436 uerbis
716 3394 747 3434 nt
764 3386 846 3435 idem
861 3385 945 3434 redire
954 3385 1094 3433 Varronem
1106 3381 1134 3432 0.
1147 3380 1306 3429 Ribbeckius

188 3453 321 3517 perspexit
336 3453 403 3501 conl,
414 3455 491 3502 Varr.
507 3455 553 3503 Vll
563 3454 597 3504 05
608 3456 640 3504 Μ.
712 3456 771 3505 Vlll
785 3455 873 3506 Cicero
887 3454 963 3503 Tusc.
980 3453 1048 3519 disp.
1066 3453 1100 3500 lV
1116 3449 1158 3509 33,
1174 3449 1208 3500 70
1224 3450 1305 3500 ‘bene

189 3535 249 3585 ergo
274 3522 382 3570 Ennius:
408 3523 503 3588 llngiti'
528 3540 551 3572 e.
573 3540 598 3585 q.
623 3540 644 3574 s.
717 3525 753 3573 IX
776 3526 856 3574 Varro
879 3524 911 3573 de
932 3522 962 3571 L.
982 3524 1011 3572 L.
1038 3522 1085 3570 Vll
1104 3519 1137 3570 40
1155 3518 1188 3568 Μ.
1218 3521 1305 3584 ‘apud

188 3590 310 3639 Ennium:
330 3592 405 3653 quiu’
427 3607 449 3640 e.
463 3608 488 3654 q.
504 3608 525 3641 s.
548 3591 753 3656 ‘perduelles
775 3594 892 3643 dicuutur
905 3592 1011 3646 hostes!
1082 3591 1106 3640 X
1126 3589 1214 3641 Cicero
1230 3589 1304 3642 Lael.

190 3658 237 3719 17,
256 3657 290 3708 04
310 3660 477 3723 ‘quamquam
497 3661 593 3711 Ennius
613 3669 695 3712 reete:
714 3665 824 3713 amicus¹
843 3680 865 3713 e.
885 3680 910 3726 q·
930 3678 952 3717 s,

228 3871 281 3924 422
295 3868 423 3923 labuntur
443 3868 504 3923 edd.
522 3871 686 3926 lababuntur
701 3872 765 3928 libri
849 3875 1011 3927 caementae
1024 3871 1136 3925 Iunius·
1158 3877 1307 3927 caementa

187 3950 250 4006 libri
352 3956 405 4010 424
429 3955 513 4024 pariit
538 3955 622 4011 ‘Pom
647 3974 665 4011 o
687 3965 712 4012 et
733 3957 762 4028 lr,
789 3961 908 4013 sirecte
930 3957 1046 4010 relatum
1068 3961 1116 4009 est.
1141 3955 1216 4026 parit
1240 3961 1306 4012 cett.

186 4032 276 4090 codd!
299 4036 329 4093 0.
352 4036 394 4091 Μ.
481 4047 559 4095 easta
579 4041 658 4099 Flor.
682 4044 779 4099 Houn.
808 4048 886 4097 casto
908 4043 994 4096 ceteri
1014 4041 1078 4095 lieri
1171 4043 1223 4097 425
1243 4039 1306 4098 Deli

186 4121 276 4192 numo.
296 4120 376 4176 Delia
396 4122 459 4178 lieri
539 4120 603 4196 {426
626 4128 697 4182 einis
720 4128 790 4184 Gud.
807 4127 885 4182 ciues
906 4127 991 4180 ceteri
1083 4129 1134 4185 427
1152 4125 1219 4195 quin
1236 4124 1306 4182 indo

186 4205 266 4259 Flor.
280 4206 350 4261 Por.
368 4224 396 4261 o.
415 4209 516 4277 quoius
541 4211 605 4266 inde
622 4212 700 4268 Goth.
716 4212 798 4288 quius
819 4212 885 4268 inde
900 4215 995 4269 Houn.
1013 4210 1090 4282 quod
1105 4210 1171 4267 Inde
1187 4209 1260 4264 Por.
1277 4212 1306 4275 b.

187 4291 255 4365 quid
269 4291 343 4346 unde
362 4291 483 4348 Turnclu'
495 4295 554 4351 cod.
