2834 4988
142 406 277 459 mm
537 386 851 461 onnusrrouus

144 553 204 624 ind
224 557 378 640 Περσέων,
410 556 539 637 έπεμπον
564 546 705 635 ἀγγέλους
726 551 755 626 ἒς
773 547 886 635 Σόρδις
905 541 987 630 παρὰ
1008 551 1111 629 Κῦρον
1132 545 1245 609 ἐθέλον-

144 690 189 742 τες
212 664 259 727 έπί
283 669 359 725 τοῖσι
386 653 501 724 αὐτοῖσι
525 655 600 722 εἶναι
625 665 700 721 τοῖσι
727 657 778 719 καί
799 659 916 742 Κροίσφ
940 656 1012 719 ἔσαν
1039 644 1192 732 κατήκοοι.
1232 644 1247 714 ό

131 770 177 834 ’δέ
195 762 326 841 τἰκοόσας
352 764 464 828 αὐτέων
479 758 516 828 τὰ
536 746 728 848 προΐσχοντο,
759 762 838 840 έλεξέ
857 781 911 840 σφι
931 756 1035 843 λόγον,
1052 752 1073 820 δι’
1080 759 1123 820 νδ
1130 782 1174 839 ρα
1193 751 1248 836 φὰς

144 866 312 957 ου’λητὴυ
338 868 467 936 ἰδόντα
496 873 607 953 ἰχθῦς
632 869 670 931 έν
690 874 733 955 τῇ
755 863 928 952 θαλάσσῃ
946 856 1116 942 αόλέειν,
1145 862 1247 926 δοκέ-

145 976 237 1046 οντό
259 999 376 1060 σφεας
401 973 667 1056 έξελεόσεσθαι
694 973 728 1049 ές
753 978 840 1056 γῆν·
885 964 924 1046 ὡς
952 968 984 1033 δὲ
1005 974 1181 1051 ψευσθῆναι
1203 974 1249 1049 τῆς

145 1087 276 1163 ἐλπίδος,
304 1088 405 1167 λαβεῖν
431 1075 654 1165 ἀμφίβληστρον
680 1080 730 1143 καὶ
753 1083 923 1161 περιβαλεῖν
948 1099 978 1139 τε
1003 1081 1122 1157 πλῆθος
1142 1067 1249 1138 πολλόν

143 1197 203 1256 τῶν
220 1186 335 1272 ίχθόων
357 1186 407 1249 καλ
429 1184 588 1269 έξειρόσαι,
610 1181 711 1250 ἰδόντα
734 1185 766 1249 δέ
788 1183 987 1264 παλλομένους
1005 1183 1097 1247 εἰπεῖν
1119 1177 1180 1264 ἄρα
1199 1173 1248 1244 αὖ·

143 1291 195 1362 τόν
212 1290 286 1379 πρὸς
304 1287 372 1367 τοὺς
393 1295 480 1374 ἰχθῦς
501 1287 652 1354 επαύεσθέ
670 1315 720 1371 μοι
742 1285 917 1374 ὀρχεόμενοι,
940 1286 999 1350 tuat
1019 1279 1087 1351 οὐδ’
1113 1281 1180 1368 έμέο
1200 1278 1249 1349 αό-

144 1399 259 1478 λέοντος
274 1392 394 1482 ἠθέλετε
415 1400 562 1482 ἐκβαίνειν
579 1393 772 1482 ὄρχεόμενοι.’
818 1398 863 1459 Ad
886 1397 963 1476 quod
981 1414 1076 1473 genus
1097 1396 1201 1457 nescio
1218 1413 1251 1455 sn

145 1519 175 1571 et
197 1509 245 1569 hic
266 1525 368 1566 uersus
391 1509 548 1586 pertineat:
578 1512 672 1567 decem
692 1513 800 1568 οοοὶλιοε
821 1513 897 1584 queis
917 1490 1052 1565 montbar
1071 1509 1186 1562 eumenis
1203 1506 1250 1561 Ri-

140 1622 204 1694 peis
226 1618 324 1691 fodere
352 1613 425 1689 (inc.
457 1621 510 1671 sat.
535 1610 634 1691 Vlll):
672 1611 816 1691 Arimaspi
839 1613 913 1673 enim
935 1609 1052 1670 unoculi
1075 1607 1133 1668 dici
1155 1608 1250 1669 uideu-

144 1730 207 1796 tur‚
237 1721 273 1780 de
300 1716 403 1797 quibus
431 1715 597 1776 Herodotus
618 1715 661 1775 {V
688 1716 724 1777 13
744 1707 921 1797 Ἰσσηδόνων
946 1706 976 1777 δ’
1004 1705 1188 1795 ὑπεροικέειν
1216 1716 1252 1776 ait

142 1816 341 1907 Ἀριμασποὺς
355 1815 467 1901 ἄνδρας
481 1816 744 1901 μουνοφθάλμους,
766 1815 841 1903 ὑπέρ
864 1819 895 1882 δέ
915 1813 1040 1883 τουτέων
1060 1812 1129 1896 τούς
1148 1839 1249 1903 χρυσο-

145 1925 280 2011 φόλοκας
308 1933 436 2011 γρῦπας,
476 1920 602 1990 τουτέων
631 1925 663 1989 δέ
689 1920 757 2001 τοὺς
773 1920 983 2010 Ὑπερβορέους
1002 1923 1187 2008 κατήκοντας
1208 1925 1252 1991 tat

145 2032 304 2097 θάλασσαν
325 2054 351 2095 e.
376 2055 405 2115 φ.
428 2054 453 2094 s.

230 2141 308 2216 Quot
333 2151 492 2201 saturarum
515 2141 605 2200 libros
629 2140 790 2200 confecerit
811 2139 919 2201 Ennius
941 2142 1097 2201 incertum:
1124 2142 1251 2222 Porphy-

144 2251 188 2309 rio
217 2249 245 2307 in
271 2246 381 2307 Horatii
411 2247 532 2306 carm.l
562 2247 616 2322 10,
640 2247 681 2308 46
712 2256 848 2325 quattuor
880 2246 970 2307 tuisse
1002 2254 1140 2307 testatur:
1176 2250 1253 2327 quod

146 2364 246 2416 contra
275 2354 406 2414 Donatus
433 2355 461 2412 in
487 2352 554 2412 Ter.
582 2352 696 2413 Phorm.
721 2352 747 2411 ll
776 2352 812 2427 2,
842 2350 881 2411 25
911 2369 928 2411 e
954 2360 1039 2411 sexto
1064 2352 1253 2443 fragmentum

146 2460 253 2518 citauit.
299 2457 427 2532 Quorum
450 2458 486 2517 de
510 2459 602 2537 primo
625 2467 654 2518 et
681 2455 810 2516 secundo
833 2457 872 2516 nil
903 2458 1023 2535 contigit
1047 2477 1063 2518 e
1084 2458 1252 2537 fragmentis

145 2563 307 2641 dispicere:
331 2564 417 2622 tertio
440 2573 534 2623 autern
557 2564 754 2644 Scipionis
774 2581 879 2623 nomen
897 2563 1029 2641 praefixi.
1074 2563 1158 2625 Enim
1182 2585 1252 2627 uero

145 2677 241 2728 satura
264 2677 309 2727 est
330 2669 446 2749 Scipio:
477 2670 555 2749 quod
579 2670 647 2729 olim
669 2668 823 2729 Lerschius
845 2665 918 2727 llus.
940 2667 1032 2729 lilren.
1056 2669 1083 2729 V
1101 2671 1165 2733 416
1187 2690 1252 2751 pro·

145 2775 242 2853 posuit
267 2774 400 2853 quidem,
430 2775 482 2835 sed
512 2795 574 2835 curn
605 2776 682 2834 ueris
705 2775 778 2834 falsa
809 2783 839 2833 et
859 2775 956 2852 inepta
980 2776 1132 2852 misceret,
1159 2777 1253 2840 bonae

145 2882 330 2940 coniecturae
353 2898 453 2958 parurn
475 2881 543 2940 lidei
563 2881 749 2959 comparauit.
796 2879 876 2958 Ergo
903 2899 919 2939 e
941 2881 1080 2960 Scipione
1102 2884 1157 2944 tria
1177 2885 1252 2963 trag·

143 2995 238 3046 menta
263 2986 431 3046 adferuntur
456 2986 582 3046 diserte:
608 2986 665 3045 duo
691 2988 865 3064 septenariis
890 2987 1047 3047 trochaicis
1070 2988 1253 3051 decurrentia

144 3091 208 3170 (IV.
231 3089 287 3173 V):
314 3108 435 3170 quorum
464 3090 521 3150 hoc
544 3090 602 3169 (V)
630 3091 707 3169 quod
736 3092 910 3153 GelliuslV
933 3095 951 3153 7
978 3094 1064 3155 tradit
1093 3115 1109 3155 e
1134 3098 1252 3159 ‘libro

144 3198 204 3275 qui
228 3197 358 3276 Scipio
386 3197 628 3257 inscribitur’
659 3197 859 3277 depromptum
882 3199 965 3259 dicit:
992 3199 1084 3277 unde,
1116 3220 1181 3263 curn
1204 3223 1252 3264 ue·

143 3311 222 3362 teres
250 3304 373 3382 quoduis
402 3321 517 3363 carmen
549 3304 635 3382 paulo
662 3303 777 3382 longius
805 3304 908 3364 librum
932 3305 1115 3384 adpellerent
1138 3309 1194 3386 (ci.
1218 3309 1250 3370 0.

141 3407 235 3467 lahnii
260 3426 360 3469 comrn.
382 3411 410 3468 in
429 3409 509 3469 Pers.
534 3427 561 3486 p.
577 3409 626 3470 98.
650 3411 855 3472 Petermanuus
874 3412 911 3471 de
935 3421 1030 3473 satura
1052 3413 1136 3474 Ennii
1156 3435 1184 3495 p.
1205 3417 1250 3497 3),

143 3529 199 3571 non
221 3516 312 3590 magis
336 3515 393 3574 illis
414 3516 462 3592 qui
489 3514 557 3573 olirn
580 3517 759 3593 tragoediam
785 3518 927 3597 quandam
950 3519 1117 3597 Scipionem
1147 3523 1250 3580 somni·

142 3625 223 3676 arent
249 3616 429 3679 obstaculum
460 3638 544 3697 quarn
572 3621 655 3680 uoltis
681 3626 730 3703 qui
762 3634 886 3685 saturam
917 3625 1039 3684 uelimus
1075 3627 1250 3704 praesidium

141 3724 276 3783 nascitur.
328 3725 455 3785 Tertium
482 3744 499 3785 e
529 3726 667 3804 Scipione
704 3748 818 3789 uersum
844 3729 1010 3790 Macrobius
1042 3732 1140 3792 citauit
1166 3732 1206 3792 vt
1230 3734 1270 3793 4.

141 3847 170 3907 p.
202 3829 263 3890 519
290 3830 354 3890 Jan.
389 3841 443 3891 tum
468 3837 581 3907 ferreus
613 3837 699 3893 troctas
731 3839 838 3896 Horret
871 3858 940 3914 oper
969 3839 1131 3918 {campique
1165 3844 1250 3899 armas

139 3937 295 3994 sublimibus
314 3942 422 3996 ardent.
446 3936 520 3996 Aen.
538 3936 579 3996 Xl
599 3937 657 3998 601
682 3941 752 4018 sq.}.
796 3947 902 4003 Horret
922 3951 991 4004 mire
1011 3964 1042 4003 se
1062 3948 1153 4006 iudet.
1197 3949 1252 4007 Sed

142 4049 168 4098 et
188 4043 296 4100 Ennius
316 4049 345 4101 ιἰι
366 4053 466 4118 quarto
487 4048 589 4104 decimo
613 4043 691 4124 {Vll}
720 4059 745 4105 et
765 4053 794 4106 in
816 4054 970 4111 Erecdtdeo
994 4050 1058 4131 [vl]
1089 4062 1116 4111 et
1141 4058 1171 4111 ιἰι
1189 4055 1247 4113 Sei-

134 4152 233 4221 pione.-
259 4155 368 4221 sparsis
387 4152 474 4207 λαείὶε
496 4155 581 4226 lonpis
607 4171 722 4227 campus
748 4160 872 4229 splendet
898 4167 925 4216 et
950 4161 1046 4217 derret
1063 4155 1107 4234 (V
1108 4155 1148 4236 l).
1192 4157 1248 4217 llu-

138 4251 181 4314 dis
208 4251 359 4315 admodum
390 4261 419 4312 et
448 4253 575 4314 insuauis
605 4259 628 4316 si
658 4257 701 4316 dis
731 4259 829 4336 placet
856 4260 1027 4323 hexameter
1061 4282 1148 4347 quem
1182 4265 1246 4324 iuri·
