2834 4988
159 377 261 426 xxxn
563 369 870 439 QVAESTIONES

159 538 225 598 dam
251 537 326 597 scite
356 535 564 614 expediantur,
595 555 681 597 unum
709 540 810 598 nescio
834 556 871 599 an
901 555 940 601 eo
972 536 1120 601 difficilius
1153 539 1267 602 euadat.

160 643 231 705 Cum
259 645 334 703 enim
359 645 475 703 omnino
497 645 600 705 modus
623 644 766 705 obscurus
792 647 848 723 sit,
881 664 940 728 quo
959 645 1068 708 Ennius
1090 648 1211 709 Graecis
1231 646 1268 708 de

160 751 262 811 Aenea
279 759 308 810 et
329 749 380 811 llia
399 751 505 813 fabulis
520 754 709 814 domesticam
728 753 843 831 lamam,
867 774 952 835 quam
973 758 1001 815 in
1031 756 1149 816 relicuit
1172 756 1267 834 sequi·

160 865 216 932 tur,
240 857 437 934 admiscuerit,
457 868 515 919 tum
536 860 594 921 boc
618 878 740 941 prorsus
768 863 940 924 incredibile
967 864 1090 938 uidetur,
1113 862 1266 938 Amulium,

127 960 131 968 ’
161 964 321 1044 siquidem
343 964 488 1044 legitimus
511 977 574 1028 erat
595 968 717 1030 Aeneae
740 969 833 1047 lilius,
859 969 940 1031 lliam
961 987 1094 1031 sororem
1118 968 1157 1029 ob
1183 986 1269 1048 pere-

160 1074 271 1151 grinam
293 1082 400 1134 tantum
420 1075 562 1151 originem
584 1076 751 1136 infestasse.

246 1181 277 1241 lu
297 1198 406 1257 summo
427 1181 518 1259 ipsius
542 1191 572 1242 et
593 1200 749 1262 puerorum
769 1184 935 1244 discrimine
955 1184 1009 1246 Ilia
1034 1183 1156 1245 deorum
1185 1183 1269 1244 lidenr

160 1286 304 1366 implorat,
335 1288 363 1346 in
392 1288 492 1366 primis
519 1286 660 1367 Veneris,
686 1281 861 1369 ‘genetricis
894 1292 1000 1370 patris'
1033 1298 1065 1352 et
1092 1280 1267 1369 ‘cognatae'

162 1393 331 1474 (xxxvi),
344 1402 373 1453 et
384 1392 484 1454 blartis
494 1403 524 1454 ut
537 1395 660 1473 uidetur,
674 1415 709 1458 ac
719 1397 848 1458 Tiberini
862 1395 1044 1478 (xxxvn).
1065 1396 1188 1459 Fallitur
1197 1399 1270 1460 eninr

162 1500 337 1561 Niebubrius
366 1500 439 1559 llist.
465 1500 547 1561 Rom.
571 1501 583 1563 1
607 1522 635 1583 p.
663 1502 743 1580 384,
775 1522 839 1564 cum
862 1515 986 1584 propter
1012 1505 1084 1567 Liuii
1110 1524 1196 1586 quam
1221 1506 1270 1567 liu·

159 1609 203 1686 git
226 1607 411 1667 imitationem
434 1606 476 1686 (ΙΙ
495 1608 549 1688 tu)
567 1621 622 1671 tum
637 1615 730 1672 Coeles
742 1603 885 1672 ‘Tiberine
897 1600 996 1688 puter'
1012 1616 1101 1687 linquit
1113 1603 1152 1672 ‘te
1177 1625 1272 1675 ennete

156 1735 280 1793 precor,
316 1718 387 1774 boec
420 1737 503 1775 numu
533 1726 560 1776 et
588 1720 663 1777 buno
698 1724 807 1779 militem
835 1724 960 1797 propitio
989 1722 1104 1795 flumme
1141 1705 1271 1794 uecipsba’

161 1822 272 1882 Horatii
293 1820 414 1883 Coclitis
443 1842 511 1884 esse
539 1822 614 1885 baec
633 1822 718 1883 Ennii
742 1825 834 1886 uerba
860 1835 938 1903 teque
960 1832 1046 1898 puter
1078 1828 1205 1887 Tiberine
1228 1836 1272 1886 tnc

161 1951 223 1990 cum
246 1934 361 2014 flumine
387 1941 483 1992 canuc
508 1949 576 1992 esse
598 1933 750 2010 opinatur,
779 1931 896 1992 scilicet
925 1929 1112 1991 ablacrobio
1135 1929 1177 1991 Vl
1200 1932 1214 1992 l
1239 1949 1268 2011 p.

161 2035 223 2097 499
245 2036 310 2097 Jau.
335 2054 352 2096 e
372 2037 465 2115 primo
487 2038 583 2100 annali
604 2048 693 2118 atque
721 2041 759 2102 ita
779 2049 810 2100 nt
828 2038 903 2100 absit
922 2039 1052 2117 corrupti
1074 2041 1185 2101 numeri
1206 2058 1269 2100 sus-

161 2149 233 2226 pitio
255 2145 360 2207 adlata.
406 2143 509 2224 Neque
532 2163 604 2205 uero
626 2145 740 2221 Liuius,
765 2146 850 2206 etiam
873 2146 897 2205 si
919 2142 1041 2204 Ennium
1064 2144 1188 2207 subinde
1208 2147 1269 2206 imi·

164 2263 239 2315 tatus
261 2256 308 2329 sit,
326 2251 402 2331 qnod
419 2250 594 2313 Niebubrius
617 2251 636 2312 l.
654 2252 673 2312 l.
697 2261 779 2312 recte
800 2251 854 2312 sed
869 2251 981 2312 ratione
1004 2268 1062 2311 non
1082 2261 1164 2313 recta
1188 2252 1272 2315 addr-

160 2371 229 2437 mat,
246 2359 354 2438 egebat
369 2360 397 2417 iu
414 2376 449 2418 ea
462 2374 495 2418 rc
510 2359 648 2438 exemplo
663 2357 765 2418 Ennii:
788 2359 914 2437 quando,
928 2358 1007 2438 quod
1022 2358 1142 2420 Samius
1154 2362 1182 2421 iu
1195 2361 1269 2423 Aen.

160 2467 228 2528 Vlll
243 2465 283 2527 72
296 2473 429 2540 testatur,
453 2464 527 2524 baec
540 2475 680 2526 consueta
693 2465 830 2527 Romanis
842 2465 1009 2527 Tiberinum
1024 2467 1163 2547 precibus
1180 2470 1269 2531 aduo-

162 2573 246 2634 candi
265 2571 403 2632 formula:
427 2575 521 2630 adesto
540 2574 668 2632 Tiberine
688 2593 750 2632 cum
771 2577 823 2632 tuta
835 2577 926 2632 undu.
949 2571 1047 2651 Atque
1069 2576 1144 2654 apud
1165 2574 1270 2655 Vergi-

163 2678 230 2738 lium
243 2678 262 2737 l.
275 2677 294 2736 l.
308 2677 426 2737 Aeneas
438 2677 466 2735 in
477 2675 553 2736 bunc
568 2678 690 2739 similem
702 2679 832 2741 Enniano
844 2680 958 2740 modum
970 2678 1136 2741 Tiberinum
1151 2680 1271 2742 adorat:

162 2796 243 2862 tuque
271 2806 287 2845 c
317 2788 424 2861 Thybri
454 2795 499 2844 tuo
519 2791 627 2862 punitor
648 2806 710 2845 eum
725 2791 838 2861 flumine
860 2797 972 2847 sumto:
1002 2803 1061 2865 quo
1085 2788 1110 2847 si
1140 2788 1205 2867 quis
1232 2788 1271 2849 uti

98 2946 101 2951 .
163 2889 261 2966 uolet,
286 2888 369 2950 linnii
399 2908 515 2951 uersum
536 2893 643 2970 poterit
671 2891 793 2952 Aeneae
822 2893 969 2953 tribuere:
994 2891 1061 2952 mibi
1090 2893 1270 2972 probabilius

162 2999 254 3059 uisum
278 3006 339 3074 est,
368 2997 406 3059 ita
429 2998 509 3060 iliam
533 3017 609 3078 quae
637 2997 774 3059 Tiberino
803 3008 921 3078 nuptum
943 2998 1028 3059 datur
1049 2997 1145 3080 (XLI)
1174 3018 1270 3062 orare.

247 3105 347 3166 Venus
373 3104 445 3166 lliae
475 3105 613 3185 precibus
641 3115 784 3166 commota
809 3107 931 3184 adparet
956 3123 991 3166 ac
1012 3117 1150 3185 nepotem
1171 3107 1209 3168 de
1228 3108 1270 3188 ip·

162 3215 222 3274 sius
244 3223 274 3274 et
296 3213 455 3275 liberorum
476 3222 557 3275 sorte
580 3212 729 3274 confirmat
749 3212 899 3292 (xxxix.
923 3211 1005 3292 XL):
1035 3230 1094 3292 quo
1121 3213 1201 3277 lacto
1221 3214 1271 3275 illa

162 3321 190 3379 in
209 3338 321 3381 amnem
341 3339 374 3380 se
397 3320 528 3381 demittit.
573 3320 691 3380 interim
710 3320 839 3381 latrones
862 3318 899 3381 ab
923 3317 1039 3379 Amulio
1061 3318 1133 3381 iussi
1162 3337 1271 3400 pueros

162 3435 312 3505 exponunt
328 3424 447 3506 (Xbll).
842 3507 844 3510 1

248 3531 322 3593 lluic
344 3532 413 3591 loco
436 3532 552 3594 uindico
572 3531 694 3591 deorum
716 3533 752 3593 de
776 3532 888 3594 Romae
916 3532 1032 3593 fortuna
1060 3530 1272 3594 consiliantium

63 3667 65 3671 ’
163 3655 353 3699 consessum:
382 3637 548 3716 qualemin
567 3637 625 3698 boc
647 3637 722 3698 libro
744 3641 910 3719 expositum
932 3638 1024 3699 inisse
1049 3637 1117 3698 olim
1137 3639 1270 3700 intellec·

162 3754 221 3806 turn
240 3754 295 3805 est.
329 3743 492 3805 Probabilis
511 3743 586 3804 enim
606 3745 775 3808 coniectura
795 3755 851 3823 est,
875 3745 1025 3806 Horatium
1046 3762 1109 3804 cum
1127 3743 1202 3806 baec
1225 3760 1272 3806 ca·

162 3861 247 3912 neret
269 3848 380 3929 (Garun.
407 3849 505 3926 1113,
532 3851 592 3930 16)
629 3856 760 3924 Quirinus
784 3857 886 3913 Martis
911 3858 988 3930 equis
1016 3855 1174 3913 Acheronta
1193 3854 1275 3929 suptt,

162 3969 274 4036 pratum
303 3962 408 4018 elocuto
441 3962 645 4018 consiliantibus
671 3963 779 4020 Iunone
804 3965 892 4032 dium,
930 3956 1014 4018 Ennii
1039 3975 1199 4018 memorem
1212 3974 1272 4018 ce·

162 4067 280 4126 ciuisse.
322 4043 386 4137 Qua
411 4065 577 4144 coniectura
597 4064 667 4124 licet
688 4065 810 4126 alteram
833 4074 1039 4143 superstruere
1058 4081 1116 4124 non
1137 4063 1273 4143 inproba·

161 4172 261 4246 bilem,
279 4171 304 4230 si
321 4171 399 4231 illam
415 4170 605 4250 probaueris,
622 4170 722 4233 lunoni
739 4174 766 4232 in
784 4171 912 4232 Enniana
929 4171 1049 4233 deorum
1065 4171 1202 4233 contione
1217 4187 1273 4231 non

160 4278 313 4341 adsidendi
330 4287 437 4340 tautum
454 4279 508 4355 sed
524 4277 682 4360 eloquendi
699 4259 729 4341 et
746 4278 903 4358 perorandi
923 4287 1023 4358 partes
1037 4278 1141 4338 inisse.
1166 4275 1208 4337 Vt
1225 4275 1273 4337 bic
