<?xml version="1.0" encoding="UTF-8"?>
<!DOCTYPE html PUBLIC "-//W3C//DTD XHTML 1.0 Transitional//EN"
    "http://www.w3.org/TR/xhtml1/DTD/xhtml1-transitional.dtd">
<html xmlns="http://www.w3.org/1999/xhtml" xml:lang="en" lang="en">
 <head>
  <title>
</title>
<meta http-equiv="Content-Type" content="text/html;charset=utf-8" />
  <meta name='ocr-system' content='tesseract 3.04.00' />
  <meta name='ocr-capabilities' content='ocr_page ocr_carea ocr_par ocr_line ocrx_word'/>
</head>
<body>
  <div class='ocr_page' id='page_1' title='image "./ennicanpoesisre00ennigoog_0048.png"; bbox 0 0 2834 4988; ppageno 0'>
   <div class='ocr_carea' id='block_1_1' title="bbox 580 415 1254 472">
    <p class='ocr_par' dir='ltr' id='par_1_1' title="bbox 580 415 1254 472">
     <span class='ocr_line' id='line_1_1' title="bbox 580 415 1254 472; baseline -0.003 0"><span class='ocrx_word' id='word_1_1' title='bbox 580 415 809 472; x_wconf 82' lang='grc' dir='ltr'>ΕΝΝΙΑΝΑΕ</span> <span class='ocrx_word' id='word_1_2' title='bbox 1142 425 1254 470; x_wconf 78' lang='lat' dir='ltr'><strong>xxxix</strong></span> 
     </span>
    </p>
   </div>
   <div class='ocr_carea' id='block_1_2' title="bbox 144 579 1253 769">
    <p class='ocr_par' dir='ltr' id='par_1_2' title="bbox 144 579 1253 769">
     <span class='ocr_line' id='line_1_2' title="bbox 144 579 1253 662; baseline -0.005 -18"><span class='ocrx_word' id='word_1_3' title='bbox 144 586 252 662; x_wconf 89' lang='lat' dir='ltr'><strong>ligitur,</strong></span> <span class='ocrx_word' id='word_1_4' title='bbox 277 584 332 642; x_wconf 90' lang='lat' dir='ltr'><strong>iam</strong></span> <span class='ocrx_word' id='word_1_5' title='bbox 354 581 476 641; x_wconf 86' lang='lat' dir='ltr'><strong>Ennium</strong></span> <span class='ocrx_word' id='word_1_6' title='bbox 500 583 536 642; x_wconf 92' lang='lat' dir='ltr'><strong>de</strong></span> <span class='ocrx_word' id='word_1_7' title='bbox 558 581 682 642; x_wconf 82' lang='lat' dir='ltr'><strong>Hersilia</strong></span> <span class='ocrx_word' id='word_1_8' title='bbox 705 584 732 640; x_wconf 92' lang='lat' dir='ltr'><strong>iu</strong></span> <span class='ocrx_word' id='word_1_9' title='bbox 754 579 860 641; x_wconf 90' lang='lat' dir='ltr'><strong>lloram</strong></span> <span class='ocrx_word' id='word_1_10' title='bbox 882 582 993 655; x_wconf 74' lang='lat' dir='ltr'><strong>Quirini</strong></span> <span class='ocrx_word' id='word_1_11' title='bbox 1015 588 1187 640; x_wconf 89' lang='lat' dir='ltr'><strong>commutata</strong></span> <span class='ocrx_word' id='word_1_12' title='bbox 1205 599 1253 640; x_wconf 88' lang='lat' dir='ltr'><strong>ce·</strong></span> 
     </span>
     <span class='ocr_line' id='line_1_3' title="bbox 144 682 1252 769; baseline -0.006 -18"><span class='ocrx_word' id='word_1_13' title='bbox 144 693 267 752; x_wconf 79' lang='lat' dir='ltr'>ciuisse:</span> <span class='ocrx_word' id='word_1_14' title='bbox 290 706 374 769; x_wconf 92' lang='lat' dir='ltr'><strong>quam</strong></span> <span class='ocrx_word' id='word_1_15' title='bbox 389 708 450 749; x_wconf 90' lang='lat' dir='ltr'><strong>rem</strong></span> <span class='ocrx_word' id='word_1_16' title='bbox 466 706 548 749; x_wconf 88' lang='lat' dir='ltr'><strong>more</strong></span> <span class='ocrx_word' id='word_1_17' title='bbox 561 707 614 749; x_wconf 90' lang='lat' dir='ltr'><strong>suo</strong></span> <span class='ocrx_word' id='word_1_18' title='bbox 636 689 796 748; x_wconf 91' lang='lat' dir='ltr'><strong>inlustrauit</strong></span> <span class='ocrx_word' id='word_1_19' title='bbox 808 683 928 745; x_wconf 84' lang='lat' dir='ltr'><strong>Ouidius</strong></span> <span class='ocrx_word' id='word_1_20' title='bbox 948 682 1016 744; x_wconf 81' lang='lat' dir='ltr'><strong>liet.</strong></span> <span class='ocrx_word' id='word_1_21' title='bbox 1032 687 1098 747; x_wconf 87' lang='lat' dir='ltr'><strong>XIV</strong></span> <span class='ocrx_word' id='word_1_22' title='bbox 1114 686 1174 747; x_wconf 79' lang='lat'><strong>829</strong></span> <span class='ocrx_word' id='word_1_23' title='bbox 1187 707 1252 767; x_wconf 88' lang='lat' dir='ltr'>sqq.</span> 
     </span>
    </p>
   </div>
   <div class='ocr_carea' id='block_1_3' title="bbox 615 877 794 940">
    <p class='ocr_par' dir='ltr' id='par_1_3' title="bbox 615 877 794 940">
     <span class='ocr_line' id='line_1_4' title="bbox 615 877 794 940; baseline -0.011 0"><span class='ocrx_word' id='word_1_24' title='bbox 615 878 741 940; x_wconf 71' lang='lat' dir='ltr'><strong>curvi</strong></span> <span class='ocrx_word' id='word_1_25' title='bbox 768 877 794 938; x_wconf 94' lang='lat' dir='ltr'><strong>ll</strong></span> 
     </span>
    </p>
   </div>
   <div class='ocr_carea' id='block_1_4' title="bbox 144 1008 1326 4392">
    <p class='ocr_par' dir='ltr' id='par_1_4' title="bbox 144 1008 1259 2581">
     <span class='ocr_line' id='line_1_5' title="bbox 152 1008 1254 1086; baseline -0.004 -17"><span class='ocrx_word' id='word_1_26' title='bbox 152 1078 156 1085; x_wconf 30' lang='lat'>¹</span> <span class='ocrx_word' id='word_1_27' title='bbox 229 1009 275 1069; x_wconf 87' lang='lat' dir='ltr'><strong>De</strong></span> <span class='ocrx_word' id='word_1_28' title='bbox 298 1012 463 1070; x_wconf 87' lang='lat' dir='ltr'><strong>secundo</strong></span> <span class='ocrx_word' id='word_1_29' title='bbox 487 1008 608 1070; x_wconf 88' lang='lat' dir='ltr'><strong>annali</strong></span> <span class='ocrx_word' id='word_1_30' title='bbox 632 1024 724 1086; x_wconf 88' lang='lat' dir='ltr'><strong>pauca</strong></span> <span class='ocrx_word' id='word_1_31' title='bbox 742 1014 808 1064; x_wconf 91' lang='lat' dir='ltr'><strong>suut</strong></span> <span class='ocrx_word' id='word_1_32' title='bbox 831 1023 905 1083; x_wconf 91' lang='lat' dir='ltr'><strong>quae</strong></span> <span class='ocrx_word' id='word_1_33' title='bbox 929 1014 1035 1083; x_wconf 79' lang='lat' dir='ltr'>egeant</span> <span class='ocrx_word' id='word_1_34' title='bbox 1058 1008 1254 1083; x_wconf 77' lang='lat' dir='ltr'><strong>enarratione,</strong></span> 
     </span>
     <span class='ocr_line' id='line_1_6' title="bbox 144 1111 1254 1193; baseline -0.003 -17"><span class='ocrx_word' id='word_1_35' title='bbox 144 1135 210 1176; x_wconf 92' lang='lat' dir='ltr'><strong>cum</strong></span> <span class='ocrx_word' id='word_1_36' title='bbox 232 1134 289 1176; x_wconf 90' lang='lat' dir='ltr'><strong>nee</strong></span> <span class='ocrx_word' id='word_1_37' title='bbox 310 1116 417 1176; x_wconf 89' lang='lat' dir='ltr'><strong>multae</strong></span> <span class='ocrx_word' id='word_1_38' title='bbox 436 1135 473 1176; x_wconf 85' lang='lat' dir='ltr'><strong>ex</strong></span> <span class='ocrx_word' id='word_1_39' title='bbox 494 1116 549 1176; x_wconf 88' lang='lat' dir='ltr'><strong>bac</strong></span> <span class='ocrx_word' id='word_1_40' title='bbox 571 1124 654 1193; x_wconf 90' lang='lat' dir='ltr'><strong>parte</strong></span> <span class='ocrx_word' id='word_1_41' title='bbox 673 1132 729 1173; x_wconf 87' lang='lat' dir='ltr'><strong>nec</strong></span> <span class='ocrx_word' id='word_1_42' title='bbox 751 1131 804 1173; x_wconf 90' lang='lat' dir='ltr'><strong>eae</strong></span> <span class='ocrx_word' id='word_1_43' title='bbox 827 1112 890 1172; x_wconf 90' lang='lat' dir='ltr'><strong>iere</strong></span> <span class='ocrx_word' id='word_1_44' title='bbox 906 1111 1095 1172; x_wconf 84' lang='lat' dir='ltr'><strong>obscuriores</strong></span> <span class='ocrx_word' id='word_1_45' title='bbox 1113 1113 1254 1191; x_wconf 76' lang='lat' dir='ltr'><strong>reliquiae</strong></span> 
     </span>
     <span class='ocr_line' id='line_1_7' title="bbox 144 1220 1253 1302; baseline -0.004 -20"><span class='ocrx_word' id='word_1_46' title='bbox 144 1241 236 1302; x_wconf 91' lang='lat' dir='ltr'><strong>super</strong></span> <span class='ocrx_word' id='word_1_47' title='bbox 254 1224 319 1281; x_wconf 91' lang='lat' dir='ltr'><strong>siut.</strong></span> <span class='ocrx_word' id='word_1_48' title='bbox 353 1221 449 1281; x_wconf 84' lang='lat' dir='ltr'><strong>Trium</strong></span> <span class='ocrx_word' id='word_1_49' title='bbox 472 1224 520 1301; x_wconf 92' lang='lat' dir='ltr'><strong>qui</strong></span> <span class='ocrx_word' id='word_1_50' title='bbox 539 1221 691 1282; x_wconf 84' lang='lat' dir='ltr'><strong>Romulum</strong></span> <span class='ocrx_word' id='word_1_51' title='bbox 715 1222 856 1298; x_wconf 79' lang='lat' dir='ltr'><strong>deinceps</strong></span> <span class='ocrx_word' id='word_1_52' title='bbox 878 1220 971 1279; x_wconf 90' lang='lat' dir='ltr'><strong>secuti</strong></span> <span class='ocrx_word' id='word_1_53' title='bbox 991 1229 1056 1279; x_wconf 90' lang='lat' dir='ltr'><strong>suut</strong></span> <span class='ocrx_word' id='word_1_54' title='bbox 1073 1239 1175 1298; x_wconf 90' lang='lat' dir='ltr'><strong>regum</strong></span> <span class='ocrx_word' id='word_1_55' title='bbox 1196 1220 1253 1280; x_wconf 84' lang='lat' dir='ltr'><strong>llo·</strong></span> 
     </span>
     <span class='ocr_line' id='line_1_8' title="bbox 146 1327 1253 1407; baseline -0.001 -19"><span class='ocrx_word' id='word_1_56' title='bbox 146 1346 295 1389; x_wconf 88' lang='lat' dir='ltr'><strong>manorum</strong></span> <span class='ocrx_word' id='word_1_57' title='bbox 322 1337 406 1405; x_wconf 90' lang='lat' dir='ltr'><strong>gesta</strong></span> <span class='ocrx_word' id='word_1_58' title='bbox 429 1331 627 1407; x_wconf 74' lang='lat' dir='ltr'><strong>perhibentur.</strong></span> <span class='ocrx_word' id='word_1_59' title='bbox 675 1329 719 1389; x_wconf 76' lang='lat' dir='ltr'><strong>Ae</strong></span> <span class='ocrx_word' id='word_1_60' title='bbox 738 1327 893 1401; x_wconf 80' lang='lat' dir='ltr'><strong>Numam,</strong></span> <span class='ocrx_word' id='word_1_61' title='bbox 917 1343 1001 1404; x_wconf 90' lang='lat' dir='ltr'><strong>quem</strong></span> <span class='ocrx_word' id='word_1_62' title='bbox 1024 1343 1116 1404; x_wconf 92' lang='lat' dir='ltr'><strong>aegre</strong></span> <span class='ocrx_word' id='word_1_63' title='bbox 1138 1330 1186 1405; x_wconf 91' lang='lat' dir='ltr'><strong>qui</strong></span> <span class='ocrx_word' id='word_1_64' title='bbox 1208 1346 1253 1387; x_wconf 87' lang='lat' dir='ltr'><strong>sa·</strong></span> 
     </span>
     <span class='ocr_line' id='line_1_9' title="bbox 147 1431 1254 1516; baseline -0.005 -20"><span class='ocrx_word' id='word_1_65' title='bbox 147 1439 240 1516; x_wconf 90' lang='lat' dir='ltr'><strong>pitin</strong></span> <span class='ocrx_word' id='word_1_66' title='bbox 268 1437 388 1514; x_wconf 90' lang='lat' dir='ltr'><strong>primum</strong></span> <span class='ocrx_word' id='word_1_67' title='bbox 417 1435 549 1493; x_wconf 86' lang='lat' dir='ltr'><strong>annalem</strong></span> <span class='ocrx_word' id='word_1_68' title='bbox 578 1437 728 1512; x_wconf 70' lang='lat' dir='ltr'><strong>inferciat,</strong></span> <span class='ocrx_word' id='word_1_69' title='bbox 758 1453 843 1494; x_wconf 91' lang='lat' dir='ltr'><strong>unum</strong></span> <span class='ocrx_word' id='word_1_70' title='bbox 870 1452 907 1492; x_wconf 88' lang='lat' dir='ltr'><strong>cx</strong></span> <span class='ocrx_word' id='word_1_71' title='bbox 935 1433 1001 1510; x_wconf 92' lang='lat' dir='ltr'><strong>ipso</strong></span> <span class='ocrx_word' id='word_1_72' title='bbox 1029 1431 1104 1492; x_wconf 92' lang='lat' dir='ltr'><strong>libro</strong></span> <span class='ocrx_word' id='word_1_73' title='bbox 1131 1432 1254 1493; x_wconf 90' lang='lat' dir='ltr'><strong>adlatum</strong></span> 
     </span>
     <span class='ocr_line' id='line_1_10' title="bbox 145 1539 1254 1621; baseline -0.003 -18"><span class='ocrx_word' id='word_1_74' title='bbox 145 1545 339 1621; x_wconf 88' lang='lat' dir='ltr'><strong>lragmeutum</strong></span> <span class='ocrx_word' id='word_1_75' title='bbox 366 1539 437 1618; x_wconf 84' lang='lat' dir='ltr'><strong>(lv)</strong></span> <span class='ocrx_word' id='word_1_76' title='bbox 460 1540 610 1618; x_wconf 88' lang='lat' dir='ltr'><strong>designat,</strong></span> <span class='ocrx_word' id='word_1_77' title='bbox 640 1546 668 1602; x_wconf 93' lang='lat' dir='ltr'><strong>in</strong></span> <span class='ocrx_word' id='word_1_78' title='bbox 690 1560 748 1621; x_wconf 92' lang='lat' dir='ltr'><strong>quo</strong></span> <span class='ocrx_word' id='word_1_79' title='bbox 769 1543 857 1602; x_wconf 81' lang='lat' dir='ltr'><strong>facile</strong></span> <span class='ocrx_word' id='word_1_80' title='bbox 883 1558 1047 1601; x_wconf 90' lang='lat' dir='ltr'><strong>sermonem</strong></span> <span class='ocrx_word' id='word_1_81' title='bbox 1071 1540 1180 1601; x_wconf 91' lang='lat' dir='ltr'><strong>Numae</strong></span> <span class='ocrx_word' id='word_1_82' title='bbox 1205 1560 1254 1620; x_wconf 88' lang='lat' dir='ltr'><strong>ag·</strong></span> 
     </span>
     <span class='ocr_line' id='line_1_11' title="bbox 144 1643 1256 1727; baseline 0.002 -19"><span class='ocrx_word' id='word_1_83' title='bbox 144 1666 265 1725; x_wconf 79' lang='lat' dir='ltr'><strong>nosces,</strong></span> <span class='ocrx_word' id='word_1_84' title='bbox 288 1648 336 1726; x_wconf 90' lang='lat' dir='ltr'><strong>qui</strong></span> <span class='ocrx_word' id='word_1_85' title='bbox 356 1643 482 1707; x_wconf 89' lang='lat' dir='ltr'><strong>salubria</strong></span> <span class='ocrx_word' id='word_1_86' title='bbox 504 1649 631 1709; x_wconf 89' lang='lat' dir='ltr'><strong>instituta</strong></span> <span class='ocrx_word' id='word_1_87' title='bbox 658 1650 750 1709; x_wconf 90' lang='lat' dir='ltr'><strong>uoluit</strong></span> <span class='ocrx_word' id='word_1_88' title='bbox 777 1648 890 1708; x_wconf 87' lang='lat' dir='ltr'><strong>aboleri</strong></span> <span class='ocrx_word' id='word_1_89' title='bbox 913 1658 980 1727; x_wconf 93' lang='lat' dir='ltr'><strong>post</strong></span> <span class='ocrx_word' id='word_1_90' title='bbox 1013 1648 1131 1707; x_wconf 89' lang='lat' dir='ltr'><strong>obitum.</strong></span> <span class='ocrx_word' id='word_1_91' title='bbox 1174 1649 1256 1723; x_wconf 83' lang='lat' dir='ltr'><strong>Quae</strong></span> 
     </span>
     <span class='ocr_line' id='line_1_12' title="bbox 145 1754 1256 1834; baseline 0.001 -19"><span class='ocrx_word' id='word_1_92' title='bbox 145 1756 293 1830; x_wconf 89' lang='lat' dir='ltr'><strong>instituta,</strong></span> <span class='ocrx_word' id='word_1_93' title='bbox 316 1772 399 1814; x_wconf 89' lang='lat' dir='ltr'><strong>sacra</strong></span> <span class='ocrx_word' id='word_1_94' title='bbox 427 1754 568 1828; x_wconf 84' lang='lat' dir='ltr'><strong>maxime,</strong></span> <span class='ocrx_word' id='word_1_95' title='bbox 589 1756 767 1814; x_wconf 89' lang='lat' dir='ltr'><strong>enumerauit</strong></span> <span class='ocrx_word' id='word_1_96' title='bbox 786 1754 912 1830; x_wconf 88' lang='lat' dir='ltr'><strong>Ennius,</strong></span> <span class='ocrx_word' id='word_1_97' title='bbox 935 1773 993 1814; x_wconf 93' lang='lat' dir='ltr'><strong>uon</strong></span> <span class='ocrx_word' id='word_1_98' title='bbox 1015 1755 1183 1834; x_wconf 87' lang='lat' dir='ltr'><strong>explauauit</strong></span> <span class='ocrx_word' id='word_1_99' title='bbox 1208 1767 1256 1816; x_wconf 90' lang='lat' dir='ltr'><strong>aut</strong></span> 
     </span>
     <span class='ocr_line' id='line_1_13' title="bbox 146 1861 1255 1940; baseline 0.001 -18"><span class='ocrx_word' id='word_1_100' title='bbox 146 1863 252 1922; x_wconf 88' lang='lat' dir='ltr'><strong>colore</strong></span> <span class='ocrx_word' id='word_1_101' title='bbox 271 1862 395 1940; x_wconf 90' lang='lat' dir='ltr'><strong>quodam</strong></span> <span class='ocrx_word' id='word_1_102' title='bbox 419 1861 538 1937; x_wconf 74' lang='lat' dir='ltr'><strong>politico</strong></span> <span class='ocrx_word' id='word_1_103' title='bbox 561 1879 660 1939; x_wconf 92' lang='lat' dir='ltr'><strong>parum</strong></span> <span class='ocrx_word' id='word_1_104' title='bbox 683 1871 794 1937; x_wconf 80' lang='lat' dir='ltr'><strong>gratam</strong></span> <span class='ocrx_word' id='word_1_105' title='bbox 823 1863 907 1939; x_wconf 70' lang='lat' dir='ltr'><strong>poesi</strong></span> <span class='ocrx_word' id='word_1_106' title='bbox 934 1864 1083 1922; x_wconf 87' lang='lat' dir='ltr'><strong>materiem</strong></span> <span class='ocrx_word' id='word_1_107' title='bbox 1112 1863 1255 1923; x_wconf 86' lang='lat' dir='ltr'><strong>distinxit:</strong></span> 
     </span>
     <span class='ocr_line' id='line_1_14' title="bbox 145 1967 1254 2048; baseline 0 -19"><span class='ocrx_word' id='word_1_108' title='bbox 145 1970 291 2048; x_wconf 85' lang='lat' dir='ltr'><strong>siquidem</strong></span> <span class='ocrx_word' id='word_1_109' title='bbox 316 1967 408 2027; x_wconf 88' lang='lat' dir='ltr'><strong>tenuit</strong></span> <span class='ocrx_word' id='word_1_110' title='bbox 430 1967 458 2025; x_wconf 92' lang='lat' dir='ltr'><strong>iu</strong></span> <span class='ocrx_word' id='word_1_111' title='bbox 480 1967 599 2026; x_wconf 91' lang='lat' dir='ltr'><strong>relicuis</strong></span> <span class='ocrx_word' id='word_1_112' title='bbox 620 1984 740 2043; x_wconf 86' lang='lat' dir='ltr'><strong>morem,</strong></span> <span class='ocrx_word' id='word_1_113' title='bbox 765 1986 851 2047; x_wconf 90' lang='lat' dir='ltr'><strong>quem</strong></span> <span class='ocrx_word' id='word_1_114' title='bbox 873 1971 1048 2046; x_wconf 86' lang='lat' dir='ltr'><strong>superstites</strong></span> <span class='ocrx_word' id='word_1_115' title='bbox 1071 1987 1108 2027; x_wconf 85' lang='lat' dir='ltr'><strong>ex</strong></span> <span class='ocrx_word' id='word_1_116' title='bbox 1128 1968 1185 2028; x_wconf 91' lang='lat' dir='ltr'><strong>boc</strong></span> <span class='ocrx_word' id='word_1_117' title='bbox 1203 1988 1254 2046; x_wconf 90' lang='lat' dir='ltr'><strong>ge·</strong></span> 
     </span>
     <span class='ocr_line' id='line_1_15' title="bbox 146 2073 1255 2153; baseline -0.002 -17"><span class='ocrx_word' id='word_1_118' title='bbox 146 2095 220 2136; x_wconf 85' lang='lat' dir='ltr'><strong>uere</strong></span> <span class='ocrx_word' id='word_1_119' title='bbox 242 2092 345 2134; x_wconf 88' lang='lat' dir='ltr'><strong>uersus</strong></span> <span class='ocrx_word' id='word_1_120' title='bbox 366 2074 417 2150; x_wconf 93' lang='grc' dir='ltr'>(ΙΙ.</span> <span class='ocrx_word' id='word_1_121' title='bbox 442 2073 498 2153; x_wconf 88' lang='grc' dir='ltr'>ΙΙΙ)</span> <span class='ocrx_word' id='word_1_122' title='bbox 529 2075 693 2134; x_wconf 87' lang='lat' dir='ltr'><strong>ostendunt.</strong></span> <span class='ocrx_word' id='word_1_123' title='bbox 740 2074 804 2148; x_wconf 83' lang='lat' dir='ltr'><strong>Quo</strong></span> <span class='ocrx_word' id='word_1_124' title='bbox 829 2074 988 2149; x_wconf 82' lang='lat' dir='ltr'><strong>liberalius,</strong></span> <span class='ocrx_word' id='word_1_125' title='bbox 1010 2083 1091 2153; x_wconf 90' lang='lat' dir='ltr'><strong>puto,</strong></span> <span class='ocrx_word' id='word_1_126' title='bbox 1114 2093 1151 2134; x_wconf 90' lang='lat' dir='ltr'><strong>ne</strong></span> <span class='ocrx_word' id='word_1_127' title='bbox 1173 2076 1255 2134; x_wconf 89' lang='lat' dir='ltr'><strong>nimis</strong></span> 
     </span>
     <span class='ocr_line' id='line_1_16' title="bbox 146 2179 1257 2262; baseline -0.001 -20"><span class='ocrx_word' id='word_1_128' title='bbox 146 2200 237 2262; x_wconf 88' lang='lat' dir='ltr'><strong>parce</strong></span> <span class='ocrx_word' id='word_1_129' title='bbox 264 2180 413 2241; x_wconf 87' lang='lat' dir='ltr'><strong>uideretur</strong></span> <span class='ocrx_word' id='word_1_130' title='bbox 455 2180 565 2241; x_wconf 89' lang='lat' dir='ltr'><strong>Numae</strong></span> <span class='ocrx_word' id='word_1_131' title='bbox 594 2183 761 2241; x_wconf 90' lang='lat' dir='ltr'><strong>memoriam</strong></span> <span class='ocrx_word' id='word_1_132' title='bbox 790 2189 949 2255; x_wconf 88' lang='lat' dir='ltr'><strong>tractasse,</strong></span> <span class='ocrx_word' id='word_1_133' title='bbox 978 2179 1105 2258; x_wconf 83' lang='lat' dir='ltr'><strong>Egeriae</strong></span> <span class='ocrx_word' id='word_1_134' title='bbox 1133 2182 1257 2241; x_wconf 90' lang='lat' dir='ltr'><strong>iabulam</strong></span> 
     </span>
     <span class='ocr_line' id='line_1_17' title="bbox 147 2287 1256 2366; baseline 0 -19"><span class='ocrx_word' id='word_1_135' title='bbox 147 2288 313 2347; x_wconf 84' lang='lat' dir='ltr'><strong>contexuit:</strong></span> <span class='ocrx_word' id='word_1_136' title='bbox 344 2305 516 2366; x_wconf 91' lang='lat' dir='ltr'><strong>quamquam</strong></span> <span class='ocrx_word' id='word_1_137' title='bbox 546 2307 619 2348; x_wconf 92' lang='lat' dir='ltr'><strong>unus</strong></span> <span class='ocrx_word' id='word_1_138' title='bbox 650 2297 757 2348; x_wconf 90' lang='lat' dir='ltr'><strong>tantum</strong></span> <span class='ocrx_word' id='word_1_139' title='bbox 785 2287 887 2364; x_wconf 91' lang='lat' dir='ltr'><strong>etqui</strong></span> <span class='ocrx_word' id='word_1_140' title='bbox 915 2287 963 2345; x_wconf 87' lang='lat' dir='ltr'><strong>uix</strong></span> <span class='ocrx_word' id='word_1_141' title='bbox 990 2289 1186 2347; x_wconf 89' lang='lat' dir='ltr'><strong>coniecturam</strong></span> <span class='ocrx_word' id='word_1_142' title='bbox 1220 2289 1256 2347; x_wconf 92' lang='lat' dir='ltr'><strong>de</strong></span> 
     </span>
     <span class='ocr_line' id='line_1_18' title="bbox 147 2393 1259 2472; baseline -0.001 -17"><span class='ocrx_word' id='word_1_143' title='bbox 147 2395 232 2455; x_wconf 89' lang='lat' dir='ltr'><strong>Ennii</strong></span> <span class='ocrx_word' id='word_1_144' title='bbox 255 2395 420 2454; x_wconf 89' lang='lat' dir='ltr'><strong>narratione</strong></span> <span class='ocrx_word' id='word_1_145' title='bbox 446 2394 582 2455; x_wconf 88' lang='lat' dir='ltr'><strong>concedit</strong></span> <span class='ocrx_word' id='word_1_146' title='bbox 606 2395 728 2472; x_wconf 87' lang='lat' dir='ltr'><strong>elegans</strong></span> <span class='ocrx_word' id='word_1_147' title='bbox 746 2393 911 2454; x_wconf 85' lang='lat' dir='ltr'><strong>uersiculos</strong></span> <span class='ocrx_word' id='word_1_148' title='bbox 934 2404 1025 2453; x_wconf 89' lang='lat' dir='ltr'><strong>restat</strong></span> <span class='ocrx_word' id='word_1_149' title='bbox 1046 2401 1094 2455; x_wconf 85' lang='lat' dir='ltr'><strong>olli</strong></span> <span class='ocrx_word' id='word_1_150' title='bbox 1117 2401 1259 2471; x_wconf 83' lang='lat' dir='ltr'><strong>respondit</strong></span> 
     </span>
     <span class='ocr_line' id='line_1_19' title="bbox 147 2501 559 2581; baseline -0.007 -18"><span class='ocrx_word' id='word_1_151' title='bbox 147 2510 245 2563; x_wconf 62' lang='lat' dir='ltr'><strong>sucum</strong></span> <span class='ocrx_word' id='word_1_152' title='bbox 264 2521 348 2562; x_wconf 80' lang='lat' dir='ltr'><strong>sonus</strong></span> <span class='ocrx_word' id='word_1_153' title='bbox 369 2506 486 2579; x_wconf 77' lang='lat' dir='ltr'><strong>Egeriai</strong></span> <span class='ocrx_word' id='word_1_154' title='bbox 504 2501 519 2574; x_wconf 64' lang='grc' dir='ltr'>Ι</span> <span class='ocrx_word' id='word_1_155' title='bbox 534 2504 559 2581; x_wconf 91' lang='grc'><strong>).</strong></span> 
     </span>
    </p>

    <p class='ocr_par' dir='ltr' id='par_1_5' title="bbox 148 2605 1326 4392">
     <span class='ocr_line' id='line_1_20' title="bbox 234 2605 1257 2686; baseline 0 -18"><span class='ocrx_word' id='word_1_156' title='bbox 234 2607 299 2668; x_wconf 91' lang='lat' dir='ltr'><strong>Non</strong></span> <span class='ocrx_word' id='word_1_157' title='bbox 315 2608 414 2683; x_wconf 90' lang='lat' dir='ltr'><strong>multa,</strong></span> <span class='ocrx_word' id='word_1_158' title='bbox 432 2608 484 2668; x_wconf 88' lang='lat' dir='ltr'><strong>sed</strong></span> <span class='ocrx_word' id='word_1_159' title='bbox 501 2617 597 2667; x_wconf 91' lang='lat' dir='ltr'><strong>tamen</strong></span> <span class='ocrx_word' id='word_1_160' title='bbox 616 2608 702 2684; x_wconf 89' lang='lat' dir='ltr'><strong>paulo</strong></span> <span class='ocrx_word' id='word_1_161' title='bbox 719 2606 801 2685; x_wconf 90' lang='lat' dir='ltr'><strong>plura</strong></span> <span class='ocrx_word' id='word_1_162' title='bbox 818 2606 855 2666; x_wconf 90' lang='lat' dir='ltr'><strong>de</strong></span> <span class='ocrx_word' id='word_1_163' title='bbox 871 2605 969 2666; x_wconf 83' lang='lat' dir='ltr'><strong>Tulli</strong></span> <span class='ocrx_word' id='word_1_164' title='bbox 984 2606 1141 2667; x_wconf 89' lang='lat' dir='ltr'><strong>Hostilii</strong></span> <span class='ocrx_word' id='word_1_165' title='bbox 1165 2627 1257 2686; x_wconf 89' lang='lat' dir='ltr'><strong>reguo</strong></span> 
     </span>
     <span class='ocr_line' id='line_1_21' title="bbox 149 2712 1256 2792; baseline -0.003 -16"><span class='ocrx_word' id='word_1_166' title='bbox 149 2717 186 2777; x_wconf 93' lang='lat' dir='ltr'><strong>ad</strong></span> <span class='ocrx_word' id='word_1_167' title='bbox 208 2732 263 2774; x_wconf 88' lang='lat' dir='ltr'><strong>uos</strong></span> <span class='ocrx_word' id='word_1_168' title='bbox 285 2721 499 2792; x_wconf 88' lang='lat' dir='ltr'><strong>peruenerunt,</strong></span> <span class='ocrx_word' id='word_1_169' title='bbox 521 2729 642 2792; x_wconf 89' lang='lat' dir='ltr'><strong>quorum</strong></span> <span class='ocrx_word' id='word_1_170' title='bbox 665 2714 807 2792; x_wconf 83' lang='lat' dir='ltr'><strong>pleraque</strong></span> <span class='ocrx_word' id='word_1_171' title='bbox 831 2712 1014 2792; x_wconf 66' lang='lat' dir='ltr'><strong>(Vl—Xlll)</strong></span> <span class='ocrx_word' id='word_1_172' title='bbox 1034 2714 1069 2774; x_wconf 92' lang='lat' dir='ltr'><strong>ad</strong></span> <span class='ocrx_word' id='word_1_173' title='bbox 1090 2715 1256 2792; x_wconf 91' lang='lat' dir='ltr'><strong>trigemino-</strong></span> 
     </span>
     <span class='ocr_line' id='line_1_22' title="bbox 148 2820 1256 2899; baseline -0.003 -16"><span class='ocrx_word' id='word_1_174' title='bbox 148 2843 212 2883; x_wconf 90' lang='lat' dir='ltr'><strong>rum</strong></span> <span class='ocrx_word' id='word_1_175' title='bbox 228 2822 383 2883; x_wconf 88' lang='lat' dir='ltr'><strong>certamina</strong></span> <span class='ocrx_word' id='word_1_176' title='bbox 399 2820 555 2898; x_wconf 88' lang='lat' dir='ltr'><strong>pertinent,</strong></span> <span class='ocrx_word' id='word_1_177' title='bbox 578 2838 671 2898; x_wconf 88' lang='lat' dir='ltr'><strong>pauca</strong></span> <span class='ocrx_word' id='word_1_178' title='bbox 688 2821 723 2881; x_wconf 91' lang='lat' dir='ltr'><strong>ad</strong></span> <span class='ocrx_word' id='word_1_179' title='bbox 742 2820 848 2880; x_wconf 84' lang='lat' dir='ltr'><strong>Fufetii</strong></span> <span class='ocrx_word' id='word_1_180' title='bbox 862 2820 948 2880; x_wconf 93' lang='lat' dir='ltr'><strong>dolos</strong></span> <span class='ocrx_word' id='word_1_181' title='bbox 971 2839 1005 2881; x_wconf 89' lang='lat' dir='ltr'><strong>ac</strong></span> <span class='ocrx_word' id='word_1_182' title='bbox 1024 2837 1147 2898; x_wconf 88' lang='lat' dir='ltr'><strong>poenam</strong></span> <span class='ocrx_word' id='word_1_183' title='bbox 1163 2821 1256 2899; x_wconf 90' lang='lat' dir='ltr'><strong>(le.</strong></span> 
     </span>
     <span class='ocr_line' id='line_1_23' title="bbox 149 2925 1258 3006; baseline -0.001 -17"><span class='ocrx_word' id='word_1_184' title='bbox 149 2928 213 2989; x_wconf 89' lang='lat' dir='ltr'><strong>XV.</strong></span> <span class='ocrx_word' id='word_1_185' title='bbox 237 2927 314 2988; x_wconf 90' lang='lat' dir='ltr'><strong>XVl.</strong></span> <span class='ocrx_word' id='word_1_186' title='bbox 336 2925 444 3006; x_wconf 89' lang='lat' dir='ltr'><strong>XVll).</strong></span> <span class='ocrx_word' id='word_1_187' title='bbox 491 2927 535 2986; x_wconf 76' lang='lat' dir='ltr'><strong>Ac</strong></span> <span class='ocrx_word' id='word_1_188' title='bbox 558 2926 664 2986; x_wconf 87' lang='lat' dir='ltr'><strong>Fuletii</strong></span> <span class='ocrx_word' id='word_1_189' title='bbox 691 2944 795 2987; x_wconf 91' lang='lat' dir='ltr'><strong>nomen</strong></span> <span class='ocrx_word' id='word_1_190' title='bbox 820 2925 878 3005; x_wconf 82' lang='lat' dir='ltr'><strong>(V)</strong></span> <span class='ocrx_word' id='word_1_191' title='bbox 902 2928 980 3005; x_wconf 91' lang='lat' dir='ltr'><strong>quod</strong></span> <span class='ocrx_word' id='word_1_192' title='bbox 1003 2928 1104 2987; x_wconf 84' lang='lat' dir='ltr'><strong>borum</strong></span> <span class='ocrx_word' id='word_1_193' title='bbox 1125 2947 1258 2988; x_wconf 92' lang='lat' dir='ltr'><strong>uersuum</strong></span> 
     </span>
     <span class='ocr_line' id='line_1_24' title="bbox 150 3032 1258 3114; baseline -0.004 -17"><span class='ocrx_word' id='word_1_194' title='bbox 150 3054 256 3114; x_wconf 88' lang='lat' dir='ltr'><strong>agmen</strong></span> <span class='ocrx_word' id='word_1_195' title='bbox 281 3035 390 3093; x_wconf 86' lang='lat' dir='ltr'><strong>ducere</strong></span> <span class='ocrx_word' id='word_1_196' title='bbox 413 3034 501 3108; x_wconf 86' lang='lat' dir='ltr'><strong>iussi,</strong></span> <span class='ocrx_word' id='word_1_197' title='bbox 525 3034 619 3110; x_wconf 90' lang='lat' dir='ltr'><strong>potuit</strong></span> <span class='ocrx_word' id='word_1_198' title='bbox 646 3032 697 3091; x_wconf 89' lang='lat' dir='ltr'><strong>ille</strong></span> <span class='ocrx_word' id='word_1_199' title='bbox 725 3033 782 3092; x_wconf 89' lang='lat' dir='ltr'><strong>dux</strong></span> <span class='ocrx_word' id='word_1_200' title='bbox 810 3035 895 3092; x_wconf 88' lang='lat' dir='ltr'><strong>etiam</strong></span> <span class='ocrx_word' id='word_1_201' title='bbox 926 3033 993 3094; x_wconf 89' lang='lat' dir='ltr'><strong>alibi</strong></span> <span class='ocrx_word' id='word_1_202' title='bbox 1021 3035 1176 3109; x_wconf 90' lang='lat' dir='ltr'><strong>nominari,</strong></span> <span class='ocrx_word' id='word_1_203' title='bbox 1205 3034 1258 3093; x_wconf 91' lang='lat' dir='ltr'><strong>sed</strong></span> 
     </span>
     <span class='ocr_line' id='line_1_25' title="bbox 150 3139 1257 3218; baseline -0.005 -14"><span class='ocrx_word' id='word_1_204' title='bbox 150 3162 215 3204; x_wconf 88' lang='lat' dir='ltr'><strong>cum</strong></span> <span class='ocrx_word' id='word_1_205' title='bbox 232 3144 341 3201; x_wconf 88' lang='lat' dir='ltr'><strong>ineerta</strong></span> <span class='ocrx_word' id='word_1_206' title='bbox 364 3139 452 3199; x_wconf 89' lang='lat' dir='ltr'><strong>sedes</strong></span> <span class='ocrx_word' id='word_1_207' title='bbox 470 3140 517 3214; x_wconf 82' lang='lat' dir='ltr'><strong>sit,</strong></span> <span class='ocrx_word' id='word_1_208' title='bbox 540 3140 627 3198; x_wconf 88' lang='lat' dir='ltr'><strong>malui</strong></span> <span class='ocrx_word' id='word_1_209' title='bbox 646 3140 763 3217; x_wconf 91' lang='lat' dir='ltr'><strong>plenum</strong></span> <span class='ocrx_word' id='word_1_210' title='bbox 785 3157 889 3198; x_wconf 90' lang='lat' dir='ltr'><strong>nomen</strong></span> <span class='ocrx_word' id='word_1_211' title='bbox 912 3142 939 3198; x_wconf 90' lang='lat' dir='ltr'><strong>iu</strong></span> <span class='ocrx_word' id='word_1_212' title='bbox 955 3142 1098 3218; x_wconf 90' lang='lat' dir='ltr'><strong>principio</strong></span> <span class='ocrx_word' id='word_1_213' title='bbox 1119 3141 1257 3199; x_wconf 91' lang='lat' dir='ltr'><strong>narratio·</strong></span> 
     </span>
     <span class='ocr_line' id='line_1_26' title="bbox 150 3246 1303 3326; baseline -0.004 -18"><span class='ocrx_word' id='word_1_214' title='bbox 150 3251 194 3308; x_wconf 92' lang='lat' dir='ltr'><strong>nis</strong></span> <span class='ocrx_word' id='word_1_215' title='bbox 226 3248 342 3326; x_wconf 88' lang='lat' dir='ltr'><strong>adponi.</strong></span> <span class='ocrx_word' id='word_1_216' title='bbox 387 3246 432 3307; x_wconf 89' lang='lat' dir='ltr'><strong>De</strong></span> <span class='ocrx_word' id='word_1_217' title='bbox 468 3246 645 3323; x_wconf 89' lang='lat' dir='ltr'><strong>singulorum</strong></span> <span class='ocrx_word' id='word_1_218' title='bbox 679 3247 854 3320; x_wconf 88' lang='lat' dir='ltr'><strong>certamine,</strong></span> <span class='ocrx_word' id='word_1_219' title='bbox 885 3264 921 3305; x_wconf 92' lang='lat' dir='ltr'><strong>ue</strong></span> <span class='ocrx_word' id='word_1_220' title='bbox 958 3253 1081 3325; x_wconf 89' lang='lat' dir='ltr'><strong>pereant</strong></span> <span class='ocrx_word' id='word_1_221' title='bbox 1113 3246 1259 3321; x_wconf 89' lang='lat' dir='ltr'><strong>legiones,</strong></span> <span class='ocrx_word' id='word_1_222' title='bbox 1297 3246 1303 3256; x_wconf 85' lang='lat'><strong><em>‘</em></strong></span> 
     </span>
     <span class='ocr_line' id='line_1_27' title="bbox 150 3352 1259 3432; baseline -0.002 -18"><span class='ocrx_word' id='word_1_223' title='bbox 150 3353 264 3414; x_wconf 84' lang='lat' dir='ltr'><strong>bierula</strong></span> <span class='ocrx_word' id='word_1_224' title='bbox 286 3353 357 3413; x_wconf 91' lang='lat' dir='ltr'><strong>uidit</strong></span> <span class='ocrx_word' id='word_1_225' title='bbox 380 3352 537 3413; x_wconf 89' lang='lat' dir='ltr'><strong>deliberari</strong></span> <span class='ocrx_word' id='word_1_226' title='bbox 558 3353 593 3411; x_wconf 90' lang='lat' dir='ltr'><strong>ir.</strong></span> <span class='ocrx_word' id='word_1_227' title='bbox 618 3352 666 3411; x_wconf 90' lang='lat' dir='ltr'><strong>Vl.</strong></span> <span class='ocrx_word' id='word_1_228' title='bbox 710 3352 841 3428; x_wconf 89' lang='lat' dir='ltr'><strong>Horatio,</strong></span> <span class='ocrx_word' id='word_1_229' title='bbox 866 3354 893 3412; x_wconf 92' lang='lat' dir='ltr'><strong>ei</strong></span> <span class='ocrx_word' id='word_1_230' title='bbox 911 3354 960 3432; x_wconf 92' lang='lat' dir='ltr'><strong>qui</strong></span> <span class='ocrx_word' id='word_1_231' title='bbox 982 3353 1132 3412; x_wconf 89' lang='lat' dir='ltr'><strong>uictoriam</strong></span> <span class='ocrx_word' id='word_1_232' title='bbox 1156 3370 1259 3432; x_wconf 91' lang='lat' dir='ltr'><strong>repor-</strong></span> 
     </span>
     <span class='ocr_line' id='line_1_28' title="bbox 150 3458 1260 3540; baseline 0.002 -20"><span class='ocrx_word' id='word_1_233' title='bbox 150 3470 202 3537; x_wconf 91' lang='lat' dir='ltr'><strong>tat,</strong></span> <span class='ocrx_word' id='word_1_234' title='bbox 226 3460 329 3520; x_wconf 90' lang='lat' dir='ltr'><strong>relieui</strong></span> <span class='ocrx_word' id='word_1_235' title='bbox 351 3466 464 3538; x_wconf 89' lang='lat' dir='ltr'><strong>septem</strong></span> <span class='ocrx_word' id='word_1_236' title='bbox 486 3458 573 3519; x_wconf 88' lang='lat' dir='ltr'><strong>dicati</strong></span> <span class='ocrx_word' id='word_1_237' title='bbox 594 3469 659 3520; x_wconf 91' lang='lat' dir='ltr'><strong>suut</strong></span> <span class='ocrx_word' id='word_1_238' title='bbox 682 3461 786 3537; x_wconf 90' lang='lat' dir='ltr'><strong>singuli</strong></span> <span class='ocrx_word' id='word_1_239' title='bbox 803 3479 918 3536; x_wconf 89' lang='lat' dir='ltr'><strong>uersus,</strong></span> <span class='ocrx_word' id='word_1_240' title='bbox 941 3479 1062 3540; x_wconf 92' lang='lat' dir='ltr'><strong>quorum</strong></span> <span class='ocrx_word' id='word_1_241' title='bbox 1084 3480 1189 3520; x_wconf 86' lang='lat' dir='ltr'><strong>nexum</strong></span> <span class='ocrx_word' id='word_1_242' title='bbox 1225 3480 1260 3522; x_wconf 89' lang='lat' dir='ltr'><strong>ac</strong></span> 
     </span>
     <span class='ocr_line' id='line_1_29' title="bbox 151 3564 1261 3629; baseline 0.002 -2"><span class='ocrx_word' id='word_1_243' title='bbox 151 3586 269 3627; x_wconf 88' lang='lat' dir='ltr'><strong>sensum</strong></span> <span class='ocrx_word' id='word_1_244' title='bbox 293 3564 519 3626; x_wconf 90' lang='lat' dir='ltr'><strong>memorabiliter</strong></span> <span class='ocrx_word' id='word_1_245' title='bbox 540 3566 668 3626; x_wconf 89' lang='lat' dir='ltr'><strong>editores</strong></span> <span class='ocrx_word' id='word_1_246' title='bbox 691 3567 851 3627; x_wconf 85' lang='lat' dir='ltr'><strong>ordinando</strong></span> <span class='ocrx_word' id='word_1_247' title='bbox 872 3568 1114 3629; x_wconf 90' lang='lat' dir='ltr'><strong>disturbauerunt.</strong></span> <span class='ocrx_word' id='word_1_248' title='bbox 1152 3568 1189 3628; x_wconf 89' lang='lat' dir='ltr'><strong>Et</strong></span> <span class='ocrx_word' id='word_1_249' title='bbox 1207 3567 1261 3629; x_wconf 89' lang='lat' dir='ltr'><strong>Vll</strong></span> 
     </span>
     <span class='ocr_line' id='line_1_30' title="bbox 151 3672 1261 3753; baseline 0.001 -20"><span class='ocrx_word' id='word_1_250' title='bbox 151 3675 269 3753; x_wconf 92' lang='lat' dir='ltr'><strong>quidem</strong></span> <span class='ocrx_word' id='word_1_251' title='bbox 290 3672 454 3750; x_wconf 83' lang='lat' dir='ltr'><strong>fragmento</strong></span> <span class='ocrx_word' id='word_1_252' title='bbox 475 3673 611 3733; x_wconf 89' lang='lat' dir='ltr'><strong>Horatius</strong></span> <span class='ocrx_word' id='word_1_253' title='bbox 633 3673 746 3733; x_wconf 90' lang='lat' dir='ltr'><strong>uidetur</strong></span> <span class='ocrx_word' id='word_1_254' title='bbox 769 3692 877 3749; x_wconf 90' lang='lat' dir='ltr'><strong>curam,</strong></span> <span class='ocrx_word' id='word_1_255' title='bbox 901 3693 965 3734; x_wconf 94' lang='lat' dir='ltr'><strong>num</strong></span> <span class='ocrx_word' id='word_1_256' title='bbox 988 3693 1060 3734; x_wconf 90' lang='lat' dir='ltr'><strong>unus</strong></span> <span class='ocrx_word' id='word_1_257' title='bbox 1087 3676 1261 3736; x_wconf 88' lang='lat' dir='ltr'><strong>aduersariis</strong></span> 
     </span>
     <span class='ocr_line' id='line_1_31' title="bbox 152 3779 1259 3859; baseline 0.002 -21"><span class='ocrx_word' id='word_1_258' title='bbox 152 3780 245 3840; x_wconf 89' lang='lat' dir='ltr'><strong>tribus</strong></span> <span class='ocrx_word' id='word_1_259' title='bbox 286 3796 406 3857; x_wconf 91' lang='lat' dir='ltr'><strong>compar</strong></span> <span class='ocrx_word' id='word_1_260' title='bbox 448 3788 527 3838; x_wconf 89' lang='lat' dir='ltr'><strong>esset</strong></span> <span class='ocrx_word' id='word_1_261' title='bbox 564 3779 695 3853; x_wconf 87' lang='lat' dir='ltr'><strong>iuturus,</strong></span> <span class='ocrx_word' id='word_1_262' title='bbox 729 3780 904 3856; x_wconf 82' lang='lat' dir='ltr'><strong>significare.</strong></span> <span class='ocrx_word' id='word_1_263' title='bbox 962 3780 1064 3858; x_wconf 87' lang='lat' dir='ltr'><strong>Fuga,</strong></span> <span class='ocrx_word' id='word_1_264' title='bbox 1102 3799 1186 3859; x_wconf 89' lang='lat' dir='ltr'><strong>quam</strong></span> <span class='ocrx_word' id='word_1_265' title='bbox 1222 3782 1259 3840; x_wconf 91' lang='lat' dir='ltr'><strong>si·</strong></span> 
     </span>
     <span class='ocr_line' id='line_1_32' title="bbox 151 3867 1326 3965; baseline 0.001 -18"><span class='ocrx_word' id='word_1_266' title='bbox 151 3886 251 3961; x_wconf 73' lang='lat' dir='ltr'><strong>molat,</strong></span> <span class='ocrx_word' id='word_1_267' title='bbox 276 3903 390 3945; x_wconf 92' lang='lat' dir='ltr'><strong>omnem</strong></span> <span class='ocrx_word' id='word_1_268' title='bbox 411 3903 494 3964; x_wconf 92' lang='lat' dir='ltr'><strong>spem</strong></span> <span class='ocrx_word' id='word_1_269' title='bbox 517 3884 710 3944; x_wconf 86' lang='lat' dir='ltr'><strong>Romanorum</strong></span> <span class='ocrx_word' id='word_1_270' title='bbox 730 3887 834 3944; x_wconf 89' lang='lat' dir='ltr'><strong>euertit</strong></span> <span class='ocrx_word' id='word_1_271' title='bbox 863 3885 973 3965; x_wconf 88' lang='lat' dir='ltr'><strong>(Vlll).</strong></span> <span class='ocrx_word' id='word_1_272' title='bbox 1019 3886 1163 3947; x_wconf 86' lang='lat' dir='ltr'><strong>Romanas</strong></span> <span class='ocrx_word' id='word_1_273' title='bbox 1186 3890 1261 3948; x_wconf 92' lang='lat' dir='ltr'><strong>euim</strong></span> <span class='ocrx_word' id='word_1_274' title='bbox 1323 3867 1326 3871; x_wconf 12' lang='grc' dir='ltr'>Ι</span> 
     </span>
     <span class='ocr_line' id='line_1_33' title="bbox 153 3992 1260 4072; baseline 0.004 -22"><span class='ocrx_word' id='word_1_275' title='bbox 153 3992 280 4070; x_wconf 80' lang='lat' dir='ltr'><strong>‘speres&#39;</strong></span> <span class='ocrx_word' id='word_1_276' title='bbox 305 3998 393 4070; x_wconf 74' lang='lat' dir='ltr'><strong>potita</strong></span> <span class='ocrx_word' id='word_1_277' title='bbox 418 3994 554 4052; x_wconf 71' lang='lat' dir='ltr'><strong>‘nostras&#39;</strong></span> <span class='ocrx_word' id='word_1_278' title='bbox 572 3992 643 4050; x_wconf 87' lang='lat' dir='ltr'><strong>dixit</strong></span> <span class='ocrx_word' id='word_1_279' title='bbox 659 4011 712 4052; x_wconf 90' lang='lat' dir='ltr'><strong>usu</strong></span> <span class='ocrx_word' id='word_1_280' title='bbox 727 3993 842 4052; x_wconf 87' lang='lat' dir='ltr'><strong>Latino:</strong></span> <span class='ocrx_word' id='word_1_281' title='bbox 866 4010 901 4051; x_wconf 89' lang='lat' dir='ltr'><strong>ae</strong></span> <span class='ocrx_word' id='word_1_282' title='bbox 917 3995 1069 4071; x_wconf 90' lang='lat' dir='ltr'><strong>sententia,</strong></span> <span class='ocrx_word' id='word_1_283' title='bbox 1091 4012 1166 4072; x_wconf 90' lang='lat' dir='ltr'><strong>quae</strong></span> <span class='ocrx_word' id='word_1_284' title='bbox 1185 3995 1260 4055; x_wconf 90' lang='lat' dir='ltr'><strong>desi·</strong></span> 
     </span>
     <span class='ocr_line' id='line_1_34' title="bbox 152 4097 1261 4177; baseline 0.002 -19"><span class='ocrx_word' id='word_1_285' title='bbox 152 4098 253 4158; x_wconf 88' lang='lat' dir='ltr'><strong>derata</strong></span> <span class='ocrx_word' id='word_1_286' title='bbox 276 4097 367 4175; x_wconf 87' lang='lat' dir='ltr'><strong>uulgo</strong></span> <span class='ocrx_word' id='word_1_287' title='bbox 395 4099 629 4177; x_wconf 89' lang='lat' dir='ltr'><strong>interpunctione</strong></span> <span class='ocrx_word' id='word_1_288' title='bbox 651 4098 873 4173; x_wconf 88' lang='lat' dir='ltr'><strong>obscurabatur,</strong></span> <span class='ocrx_word' id='word_1_289' title='bbox 895 4100 989 4176; x_wconf 91' lang='lat' dir='ltr'><strong>potuit</strong></span> <span class='ocrx_word' id='word_1_290' title='bbox 1003 4100 1051 4158; x_wconf 91' lang='lat' dir='ltr'><strong>uel</strong></span> <span class='ocrx_word' id='word_1_291' title='bbox 1071 4111 1196 4160; x_wconf 69' lang='lat' dir='ltr'><strong>essersene</strong></span> <span class='ocrx_word' id='word_1_292' title='bbox 1213 4101 1261 4160; x_wconf 90' lang='lat' dir='ltr'><strong>uel</strong></span> 
     </span>
     <span class='ocr_line' id='line_1_35' title="bbox 153 4203 1262 4283; baseline 0.001 -21"><span class='ocrx_word' id='word_1_293' title='bbox 153 4204 238 4263; x_wconf 91' lang='lat' dir='ltr'><strong>simili</strong></span> <span class='ocrx_word' id='word_1_294' title='bbox 271 4205 425 4283; x_wconf 87' lang='lat' dir='ltr'><strong>participio</strong></span> <span class='ocrx_word' id='word_1_295' title='bbox 463 4207 632 4265; x_wconf 90' lang='lat' dir='ltr'><strong>continuari.</strong></span> <span class='ocrx_word' id='word_1_296' title='bbox 687 4204 799 4264; x_wconf 89' lang='lat' dir='ltr'><strong>Deinde</strong></span> <span class='ocrx_word' id='word_1_297' title='bbox 834 4206 881 4264; x_wconf 94' lang='lat' dir='ltr'><strong>uui</strong></span> <span class='ocrx_word' id='word_1_298' title='bbox 904 4203 1096 4266; x_wconf 82' lang='lat' dir='ltr'><strong>Curiatiorum</strong></span> <span class='ocrx_word' id='word_1_299' title='bbox 1124 4207 1262 4265; x_wconf 91' lang='lat' dir='ltr'><strong>minitanti</strong></span> 
     </span>
     <span class='ocr_line' id='line_1_36' title="bbox 155 4310 1262 4392; baseline 0 -22"><span class='ocrx_word' id='word_1_300' title='bbox 155 4313 285 4371; x_wconf 90' lang='lat' dir='ltr'><strong>occurrit</strong></span> <span class='ocrx_word' id='word_1_301' title='bbox 308 4310 380 4389; x_wconf 85' lang='grc' dir='ltr'>(ΙΙΙ)</span> <span class='ocrx_word' id='word_1_302' title='bbox 403 4330 495 4390; x_wconf 89' lang='lat' dir='ltr'><strong>seque</strong></span> <span class='ocrx_word' id='word_1_303' title='bbox 520 4312 638 4372; x_wconf 90' lang='lat' dir='ltr'><strong>iratrum</strong></span> <span class='ocrx_word' id='word_1_304' title='bbox 663 4322 786 4391; x_wconf 90' lang='lat' dir='ltr'><strong>utroque</strong></span> <span class='ocrx_word' id='word_1_305' title='bbox 814 4322 961 4392; x_wconf 89' lang='lat' dir='ltr'><strong>prostrato</strong></span> <span class='ocrx_word' id='word_1_306' title='bbox 990 4314 1049 4391; x_wconf 89' lang='lat' dir='ltr'><strong>(X)</strong></span> <span class='ocrx_word' id='word_1_307' title='bbox 1078 4313 1171 4372; x_wconf 87' lang='lat' dir='ltr'><strong>solum</strong></span> <span class='ocrx_word' id='word_1_308' title='bbox 1200 4330 1262 4371; x_wconf 88' lang='lat' dir='ltr'><strong>rem</strong></span> 
     </span>
    </p>
   </div>
   <div class='ocr_carea' id='block_1_5' title="bbox 0 0 1434 4988">
    <p class='ocr_par' dir='ltr' id='par_1_6' title="bbox 0 0 1434 4988">
     <span class='ocr_line' id='line_1_37' title="bbox 0 0 1434 4988; baseline 0 0"><span class='ocrx_word' id='word_1_309' title='bbox 0 0 1434 4988; x_wconf 95' lang='lat' dir='ltr'><strong> </strong></span> 
     </span>
    </p>
   </div>
  </div>
 </body>
</html>
