2834 4988
127 410 261 461 cxxxvr
533 393 845 467 Qvunsrrouns

126 570 259 628 rietatem
289 562 393 624 subeat
414 563 451 623 de
479 572 576 623 satnra
602 562 742 638 cogitatio
771 576 928 636 -neque
950 557 1025 617 enlm
1045 557 1094 635 qui
1114 554 1235 615 Indole·

127 684 243 735 ratane
263 670 413 731 Ennianae
429 671 581 747 cognorit,
602 666 747 727 infandum
767 662 902 724 clamabit
924 672 1018 723 tantae
1037 661 1131 722 laudis
1150 662 1236 720 uirum

127 782 154 840 in
177 787 274 839 satura
292 777 455 856 praedicari
471 811 513 820 —
527 785 584 836 tnm
606 773 721 835 adiuuat
744 771 933 848 suspitionem
952 769 1134 829 coniunctum
1149 767 1236 847 quod·

128 888 193 949 darn
216 883 301 946 Nonii
324 881 536 959 Ciceronisque
560 881 772 941 testimonium:
795 891 917 954 quornm
939 873 989 934 iIIe
1012 892 1088 952 quae
1111 874 1237 935 norbae

126 996 212 1056 tertio
235 1003 398 1053 saturarum
414 990 513 1049 citauit
532 998 635 1048 testes
655 998 737 1046 sunt
750 990 833 1044 Lati
849 988 966 1059 compr·
979 1002 1047 1058 quos
1059 989 1131 1059 perit
1142 987 1238 1059 Africo

128 1113 208 1163 terra
226 1106 340 1177 politos,
364 1115 400 1156 ea
423 1114 439 1154 e
464 1093 609 1155 Cicerone
631 1091 853 1170 gloriabundum
877 1087 914 1147 dc
935 1106 969 1147 se
990 1089 1158 1167 Sprioncm
1182 1090 1238 1151 cdi-

130 1208 209 1268 disse
231 1205 402 1282 conligitur:
423 1199 459 1259 de
483 1198 530 1258 liu.
545 1198 574 1260 b.
601 1208 630 1260 et
652 1218 690 1258 m.
713 1196 740 1257 II
762 1196 820 1271 32,
847 1195 907 1256 too
927 1202 1018 1272 imque
1037 1200 1142 1256 beram
1163 1200 1237 1274 Afra·-

129 1333 217 1373 eonua
238 1330 300 1372 cum
317 1315 415 1386 petrin
436 1312 482 1367 allo
503 1311 583 1366 modo
602 1312 716 1383 loprtms
743 1309 849 1364 ‘uem
869 1306 960 1363 Romo
980 1312 1040 1362 tuos
1061 1300 1172 1367 bomo&
1197 1319 1237 1360 re·

128 1426 255 1495 ticunque
274 1419 432 1492 praeclare.
471 1413 557 1470 ‘Num
579 1418 625 1472 tibi
644 1418 810 1471 montmentu
832 1416 886 1469 mei
902 1428 1042 1486 peperere
1061 1412 1190 1468 labores?
1214 1415 1240 1467 et

130 1525 167 1584 de
189 1531 262 1582 orat.
286 1519 326 1580 III
341 1518 398 1595 42,
422 1518 480 1579 167
503 1523 625 1578 ornandi
643 1538 729 1577 causa
742 1524 888 1593 proprium
902 1521 1023 1591 proprio
1038 1524 1240 1575 commodatura:

129 1634 236 1689 ‘desim
255 1661 291 1671 -
315 1629 426 1686 boatia':
449 1636 474 1684 et
495 1629 622 1683 ‘testes
640 1634 723 1683 suut
743 1631 863 1699 compi
882 1624 1017 1699 magni)
1054 1620 1241 1681 IIaecomnIa

132 1729 239 1791 Cicero
263 1748 300 1788 cx
315 1728 408 1789 Ennio
432 1748 517 1809 quern
540 1746 598 1789 nou
620 1731 747 1790 nomiuat
770 1730 919 1790 delibauit.
968 1727 1032 1791 Nec
1053 1729 1102 1806 qui
1123 1727 1241 1789 Cicero·

132 1855 198 1897 uem
213 1835 327 1894 nouerit
342 1846 371 1897 et
386 1855 442 1916 qua
458 1838 570 1896 ratione
592 1846 710 1896 ueteres
734 1836 825 1896 citare
845 1844 982 1895 auctores
994 1822 1104 1910 ¹soleat,
1127 1835 1242 1894 multum

131 1946 160 2004 in
179 1941 304 2003 leuicula
327 1960 402 2021 quae
426 1952 470 2001 est
497 1944 524 2001 iu
547 1950 641 2018 campi
660 1949 755 2019 magni
775 1951 804 2002 et
827 1947 877 2001 tuti
895 1948 989 2016 cumps·
1009 1940 1162 2002 uocabulis
1188 1941 1242 2002 dir·

131 2048 280 2128 crepantia
302 2046 450 2107 haerebit:
475 2067 538 2108 cum
555 2050 727 2127 praesertIm
751 2050 828 2108 citati
850 2048 886 2108 ab
908 2046 1003 2109 Nonio
1025 2051 1132 2107 ‘testes
1153 2048 1195 2108 illi
1217 2047 1243 2106 ιιι

131 2156 233 2217 Διιιιι
253 2155 359 2232 campi'
376 2155 504 2214 nesciam
527 2172 584 2233 quo
601 2156 695 2233 aptius
719 2172 804 2232 quam
827 2156 863 2217 ad
878 2157 1047 2234 Scipionem
1069 2153 1241 2214 referantur.

132 2262 195 2337 Qua
220 2279 253 2320 re
282 2278 346 2319 cum
375 2261 489 2321 tertium
515 2272 675 2322 saturarum
700 2260 803 2322 librum
826 2264 880 2323 lam
906 2278 963 2321 non
987 2259 1076 2321 liccat
1097 2257 1244 2337 SoIpionis

134 2366 268 2429 laudibus
286 2366 471 2440 defraudare,
496 2366 607 2445 quidni
630 2368 723 2428 aldem
745 2378 805 2428 trcs
828 2370 1001 2447 eSprione
1025 2384 1099 2445 quae
1122 2367 1244 2425 citantur

132 2473 272 2552 reliquias
295 2469 497 2532 ascribamus?
530 2470 620 2533 Cuius
642 2484 759 2535 saturae
783 2495 842 2554 ego
865 2477 939 2538 banc
960 2473 1028 2535 mibi
1049 2472 1181 2550 speciem
1205 2469 1243 2527 in·

132 2577 271 2654 fornaci,
297 2587 326 2638 ut
348 2586 436 2656 poeta
460 2597 516 2637 nou
545 2597 658 2641 omnem
681 2583 828 2660 Scipionis
851 2586 939 2644 uitam
966 2578 1163 2660 percurrerit,
1192 2574 1244 2634 sed

133 2683 172 2744 ob
192 2702 240 2743 res
264 2685 290 2743 iu
313 2683 413 2744 Africa
434 2686 604 2746 felicissImc
626 2697 726 2765 gestas
748 2687 918 2747 familiarem
942 2683 998 2746 sibi
1020 2685 1126 2746 ducem
1147 2684 1242 2760 singu·

133 2792 186 2852 lari
211 2793 337 2851 carmine
360 2802 536 2869 prosecutus
559 2796 605 2854 sit.

216 2896 317 2959 Nexus
344 2917 378 2958 ac
407 2917 511 2958 sensus
535 2900 721 2979 reliquiarum
750 2919 824 2979 quae
853 2901 889 2961 ad
910 2899 1077 2979 Scipionem
1101 2896 1245 2975 portinent

133 3002 198 3062 fere
222 3003 248 3060 iu
271 3012 374 3082 aperto
399 3014 452 3063 est.
497 3003 539 3063 Ita
563 3003 607 3065 his
630 3006 764 3065 uersibus
783 3012 901 3067 muudus
922 3010 993 3064 coeli
1014 3013 1111 3065 noctus
1131 3007 1247 3062 constitit

134 3114 239 3168 silentio
261 3128 287 3169 e.
313 3128 341 3187 q.
367 3128 391 3167 s.
417 3109 489 3190 (IV)
519 3129 583 3169 cum
610 3113 658 3172 alii
691 3123 748 3173 tum
772 3113 901 3173 Ilitterus
932 3111 1075 3171 intellexit
1097 3111 1244 3189 Scipionis

135 3215 162 3272 in
184 3212 313 3274 AlrIcanu
335 3216 548 3293 uangatiouem
568 3218 701 3297 depingi:
726 3220 802 3280 conl.
825 3219 906 3279 Liuio
930 3216 1052 3278 XXVIII
1074 3219 1112 3278 17
1129 3223 1244 3294 epse...

131 3325 276 3395 profectus
304 3328 452 3397 tranquillo
480 3330 554 3382 murt
579 3330 730 3399 plurimum
751 3333 848 3398 remes,
881 3330 1018 3387 Interdum
1039 3335 1066 3385 et
1087 3330 1143 3384 leui
1166 3329 1244 3384 odiat-

132 3435 216 3484 cante
247 3435 326 3484 uento
363 3435 391 3487 in
424 3433 552 3503 Africum
584 3439 697 3490 truz'ecit.
747 3431 950 3508 Fragmentum
988 3431 1112 3491 alterum
1147 3437 1245 3507 qubus

128 3541 249 3607 propter
271 3534 436 3592 Hannibalis
463 3543 558 3608 coptus
580 3543 737 3597 considerat
758 3538 816 3617 (V)
840 3539 966 3599 fortasse
991 3537 1085 3599 locum
1109 3538 1137 3596 iu
1159 3536 1245 3616 adpa-

137 3644 198 3693 ratu
222 3636 328 3712 proclii
348 3636 461 3698 habuit:
491 3642 604 3700 tertium
626 3651 735 3718 sparsis
756 3649 843 3706 bustis
865 3664 891 3706 e.
917 3663 945 3724 q.
971 3664 995 3705 s.
1020 3643 1094 3725 (VI)
1123 3664 1161 3705 cx
1179 3646 1244 3724 lpso

138 3749 280 3818 sumptum
310 3747 477 3804 certamine.
523 3746 644 3810 Relicua
667 3752 703 3812 ad
727 3752 829 3812 latrdes
844 3751 1010 3811 referuntur
1033 3751 1070 3812 ab
1095 3751 1161 3830 Ipso
1183 3750 1245 3810 Sci·

137 3847 223 3925 piune
246 3847 282 3906 dc
303 3867 335 3907 se
359 3852 555 3928 praedicatas:
578 3862 671 3917 deone
687 3862 775 3919 Romu
797 3870 856 3919 tuos
875 3862 957 3918 bustis
973 3894 1016 3906 -
1032 3880 1098 3918 nom
1118 3862 1166 3918 tibi
1185 3879 1245 3918 mo-

135 3961 254 4012 ntmentu
280 3961 334 4014 mei
349 3975 489 4031 peperere
511 3965 619 4023 labores
645 4000 680 4008 -
707 3976 786 4025 testes
807 3977 870 4025 sunt
890 3969 954 4023 loti
972 3972 1065 4042 rumpi
1086 3985 1155 4041 quos
1178 3970 1248 4042 peril

135 4063 235 4136 Africo
257 4071 334 4120 terro
349 4069 449 4138 politos
471 4063 541 4144 (X).
587 4067 669 4141 Quos
689 4090 791 4130 uersus
814 4070 943 4130 Ritterus
965 4071 983 4129 I.
1007 4071 1026 4131 I.
1051 4090 1079 4150 p.
1096 4070 1158 4131 394
1181 4088 1245 4150 pcr-

137 4166 288 4226 commode
318 4169 361 4226 eis
397 4170 571 4247 inlustrauit,
605 4193 680 4253 quae
708 4176 805 4236 Liuius
836 4174 987 4235 XXXVIII
1016 4177 1057 4237 50
1089 4177 1244 4256 perbibuit,

138 4272 305 4356 Sprionem
327 4275 368 4352 (ι.
393 4295 419 4334 u.
445 4295 470 4338 c.
489 4279 566 4358 565)
589 4299 605 4340 a
628 4281 738 4342 Petiliis
760 4284 788 4342 in
810 4283 853 4343 ius
876 4293 1010 4347 uocatum
1028 4292 1088 4347 sine
1111 4291 1169 4348 ulla
1191 4290 1244 4347 cri·
