2834 4988
192 383 234 448 52
628 388 865 448 ANNALIVM

207 570 269 632 345
296 561 386 651 Apta
405 559 490 628 solet
511 559 601 628 canis
626 560 711 628 forte
730 560 834 629 leram
852 557 900 625 sei
918 579 997 626 nare
1016 557 1129 649 sagaci

218 762 221 769 Ι
297 664 424 749 Sensit,
452 685 536 733 uoce
559 686 620 732 sua
637 662 728 732 nictit
746 661 916 754 ululatque
937 661 980 730 ibi
1003 665 1109 730 acute.

712 797 788 868 Vlll

296 916 499 1006 Aspectahal
521 917 676 985 uirtutem
696 914 839 1008 legionis
860 914 932 983 suai

296 1020 485 1111 Expectans
505 1020 534 1088 si
555 1023 721 1090 mussaret
733 1026 829 1111 'quae
849 1017 991 1109 denique
1013 1037 1120 1105 pausa

296 1124 470 1216 Pugnandi
492 1124 586 1193 fieret
606 1129 662 1193 aut
683 1122 756 1192 duri
775 1122 850 1192 finis
870 1120 1004 1190 laboris,

726 1259 772 1329 IX

209 1385 270 1447 350
300 1428 558 1446 .....
609 1376 773 1446 horitatur
791 1375 1006 1466 induperator

298 1613 407 1706 Regni
429 1619 599 1685 uersatum
622 1614 721 1706 pilam
741 1636 948 1685 summamue
970 1614 1155 1684 columnam

622 1750 639 1788 11
864 1749 881 1787 11

743 1808 759 1848 lt

196 1954 314 2020 uestigiis
323 1954 413 2005 leuiter
422 1954 556 2019 ganniens,
568 1954 698 2004 utEnnius
706 1957 733 2005 in
743 1955 805 2006 LX:
819 1955 911 2005 ueluti'
923 1970 946 2004 c.
954 1969 979 2017 q.
987 1969 1009 2003 s.
1024 1954 1101 2004 ‘uude
1109 1953 1168 2018 ipsa
1175 1952 1309 2019 gannitio)

196 2025 291 2075 Paulus
304 2040 330 2090 p.
345 2022 395 2074 176
408 2022 442 2072 Μ.
463 2024 573 2072 ‘nictit
591 2026 661 2074 canis
678 2026 704 2074 in
723 2025 861 2075 odorandis
880 2023 991 2074 ferarum
1006 2025 1124 2090 uestigiis
1142 2022 1234 2072 leuiter
1246 2037 1311 2088 gau·

196 2097 278 2144 niens.
312 2094 420 2143 Ennius:
444 2108 505 2142 nare
572 2093 712 2158 ululatque.
731 2095 799 2146 unde
819 2095 987 2161 etgannitio.’
1016 2094 1164 2144 Thesaurus
1177 2107 1236 2141 nou.
1252 2092 1309 2142 Lat.

196 2167 243 2230 (Α.
253 2165 305 2215 Mai
313 2172 379 2213 auct.
391 2162 467 2212 class.
479 2164 538 2213 Vlll
548 2161 613 2227 372)
624 2164 693 2215 ‘hinc
702 2167 778 2215 etiam
789 2167 874 2215 nicto
885 2180 922 2225 as,
933 2165 967 2213 cii
977 2163 1019 2213 uel
1029 2165 1116 2223 nictui,
1128 2162 1197 2226 quod
1206 2164 1310 2228 proprie

197 2237 306 2300 pertinet
319 2234 353 2283 ad
366 2247 456 2291 canes,
472 2233 573 2295 quando
586 2234 725 2284 bestiarum
737 2236 849 2301 uestigia
862 2236 1041 2297 insequuntiir3
1062 2234 1128 2283 unde
1144 2242 1168 2282 et
1184 2232 1311 2282 Caecilius

198 2305 230 2355 de
242 2305 353 2368 quodam
366 2317 429 2352 caue
442 2303 506 2352 bene
520 2304 615 2366 iuquit:
635 2306 706 2354 nictit
717 2305 855 2367 holetque!
927 2305 983 2352 Vlll
997 2304 1164 2370 Philargyrus
1178 2303 1203 2351 in
1215 2301 1308 2367 Georg.

197 2376 231 2425 tv
245 2373 296 2425 188
313 2378 472 2421 ‘mussant
484 2372 527 2422 hio
540 2382 706 2423 murmurant.
727 2373 797 2432 Quae
808 2388 860 2423 uox
874 2375 977 2439 ponitur
989 2383 1013 2424 et
1025 2376 1051 2423 in
1064 2372 1166 2423 tacendi
1181 2371 1311 2437 significa-

197 2446 280 2504 tione,
304 2451 333 2491 ut
346 2441 415 2507 apud
429 2443 537 2491 Enuium
553 2444 579 2491 iu
593 2443 680 2493 XVll:
702 2442 760 2510 [Vl]
777 2444 906 2493 Interdum
925 2453 949 2492 et
969 2457 1015 2508 pro
1036 2444 1153 2492 dubitare
1171 2450 1212 2490 ut:
1233 2440 1309 2506 [Aen.

198 2510 321 2577 1111657]
339 2511 464 2575 [Mussant
478 2520 562 2562 autem
575 2511 743 2578 murmurant]
761 2514 858 2563 Ennius
868 2515 894 2562 iu
904 2513 929 2562 X
938 2514 976 2562 sic
985 2514 1033 2562 ait:
1050 2512 1209 2578 aspectabat'
1224 2527 1309 2573 e.q.s.

267 2582 304 2632 tx
322 2580 460 2631 Diomedes
478 2582 489 2630 1
507 2596 534 2646 p.
549 2581 599 2633 378
613 2583 641 2632 Ρ.
666 2583 795 2632 ‘hortatur
816 2584 884 2647 quod
901 2583 980 2648 uulgo
999 2582 1122 2643 dicimus,
1145 2590 1244 2631 ueteres
1261 2594 1311 2630 nou

199 2652 263 2702 nulli
275 2652 406 2700 horitur
424 2651 543 2700 dixerunt
558 2658 583 2700 ut
595 2653 692 2702 Ennius
704 2653 766 2703 XVI
778 2654 922 2703 annalium:
942 2651 1014 2718 [XV]
1042 2653 1112 2702 idern
1124 2653 1151 2701 iu
1163 2651 1201 2700 X:
1221 2651 1292 2702 hori
1300 2681 1312 2689 -

198 2732 249 2771 tur
263 2721 492 2785 induperator;
515 2722 589 2784 quasi
602 2723 688 2787 specie
705 2724 842 2773 iteratim!
913 2722 938 2771 X
956 2722 1070 2771 Donatus
1089 2723 1115 2771 in
1133 2721 1191 2770 Ter.
1206 2720 1310 2771 Phorm.

198 2792 259 2852 111,
275 2792 307 2841 57
329 2789 460 2840 ‘columen
479 2805 540 2841 uero
558 2790 685 2842 familiae:
709 2793 840 2854 columen,
861 2791 970 2842 culmen.
989 2807 1021 2842 an
1041 2792 1158 2841 columen
1176 2790 1311 2841 columna?

198 2889 233 2899 -
243 2887 280 2899 -
290 2860 410 2910 Horatius
424 2868 513 2910 contra
525 2875 573 2927 pro
587 2862 714 2913 columine
728 2863 873 2913 columnam
889 2860 1108 2926 [0511513514]
1125 2862 1223 2911 Ennius
1234 2861 1271 2911 X.
1280 2897 1286 2910 .
1295 2861 1311 2909 .'

200 3037 274 3093 Curti.
285 3053 318 3108 p.
328 3041 390 3096 155.
408 3037 491 3092 ueluti
508 3037 532 3092 si
551 3036 663 3109 quando
678 3039 739 3094 eod.
755 3039 841 3094 ueluti
858 3035 973 3109 quando
989 3036 1133 3093 Turnebus
1143 3036 1216 3092 Actu.
1228 3037 1261 3091 X
1269 3041 1311 3100 15,

201 3120 233 3178 0.
247 3120 399 3177 Muellerus
484 3123 585 3179 uinclis
604 3125 734 3180 uenatica
756 3126 840 3180 uelox
866 3123 1019 3179 Turnebus.
1040 3123 1160 3178 uinculis
1184 3121 1312 3176 uenatica

201 3223 310 3262 ueneno
332 3207 393 3262 cod.
413 3207 505 3263 uinolo
528 3209 656 3265 uenatica
673 3215 744 3265 ab'no
766 3208 891 3280 Seobper
996 3200 1130 3279 3155515
1145 3209 1217 3262 solet
1233 3206 1312 3261 canis

200 3291 333 3366 81511951.
352 3298 437 3364 xapta
448 3294 537 3361 solet,
553 3311 607 3351 om.
620 3295 714 3362 canis,
732 3294 793 3350 eod.
803 3293 869 3366 ¹(cf.
883 3292 922 3348 H.
933 3290 1040 3348 Keilt'us
1054 3294 1104 3348 11.
1116 3309 1148 3364 p.
1161 3296 1229 3360 621)
1248 3297 1313 3362 apta

201 3379 264 3433 silet
277 3378 355 3432 canis
369 3377 513 3434 Turnebus
596 3380 666 3434 forte
678 3380 766 3435 feram
778 3379 831 3446 sei]
847 3379 871 3433 si
887 3379 957 3431 sorte
973 3393 1009 3432 ex
1023 3377 1084 3432 cod.
1100 3379 1169 3432 torte
1185 3379 1273 3431 serani
1288 3376 1312 3430 si

201 3479 236 3516 ex
254 3460 387 3535 Seob'per,
405 3462 558 3519 Turnebus.
572 3470 637 3535 apta
655 3465 727 3519 solet
744 3463 768 3518 si
785 3465 855 3517 sorte
870 3464 995 3516 terassa
1012 3460 1043 3516 0.
1057 3461 1211 3518 Muellerus

200 3551 253 3606 346
268 3548 346 3602 nictit
359 3546 480 3615 Paulus,
506 3546 677 3603 Thesaurus.
699 3549 775 3603 nictu
793 3548 855 3603 cod.
875 3547 960 3602 Festi.
982 3547 1123 3618 nictatque
1146 3545 1272 3618 Scoltper

243 3632 398 3704 ululatque]
413 3631 545 3702 holetque
563 3632 723 3688 Thesaurus
808 3637 888 3687 acute
902 3630 1035 3704 Scaliger,
1058 3631 1211 3687 Turnebus.
1232 3637 1314 3686 acuta

202 3722 229 3770 et
244 3718 305 3772 cod.
320 3717 396 3772 Festi
499 3719 552 3775 347
566 3732 610 3788 sq.
630 3713 746 3788 legioni’
764 3717 827 3773 suai
844 3718 1022 3788 Exspectans
1038 3716 1178 3790 Berpbius
1195 3715 1313 3787 prem.

203 3803 250 3856 litt.
267 3800 335 3856 Hel.
354 3799 551 3859 1811111311.
573 3802 692 3874 legionis
716 3803 776 3858 siue
797 3808 930 3873 spectans
949 3800 1146 3874 Philorpyrus.
1170 3803 1315 3873 spectabat

203 3887 332 3939 uirtutem
349 3887 468 3957 legionis
484 3885 656 3957 Suspectans
671 3886 699 3941 J.
710 3888 806 3944 Douso
818 3886 908 3943 Plaut.
920 3887 1046 3958 Explon.
1060 3886 1111 3943 IV
1122 3891 1157 3946 11
1241 3902 1313 3956 quae

205 3969 325 4041 denique
335 3969 582 4042 pausaBerylrius.
598 3968 790 4044 duhi'taretque
804 3971 924 4043 denique
937 3972 1225 4043 causaPlriluryyrus.
1241 3987 1314 4042 quae

204 4054 326 4126 denique
350 4055 602 4111 causantium
708 4061 760 4116 319
787 4054 846 4111 fini’
869 4054 1022 4128 Berytius,
1044 4074 1098 4112 om.
1118 4056 1314 4128 Philargyrus.

203 4156 293 4211 pausa
303 4139 332 4194 J.
344 4139 440 4196 Dousa
545 4147 598 4201 350
614 4141 749 4198 horitatur
759 4141 798 4197 H.
809 4139 946 4214 Ilberpius
957 4158 1020 4197 eum
1033 4141 1083 4197 Tb.
1095 4141 1196 4213 Hupio.
1208 4128 1317 4196 horitui

203 4224 267 4294 libri
370 4229 423 4284 351
449 4227 536 4297 pilam
552 4227 592 4283 H.
609 4225 744 4300 llberpius
769 4233 795 4283 et
813 4226 997 4300 Th.Hupius‚
1021 4243 1073 4282 om.
1094 4226 1158 4281 libri
1241 4242 1316 4281 surn-

205 4326 314 4367 mamue
332 4309 580 4369 Lindenbruebius.
609 4329 746 4370 summam
765 4329 833 4369 uero
855 4311 1044 4370 5155155.
1067 4312 1129 4367 edd.
1150 4319 1206 4367 uet.
1235 4311 1315 4382 regni
