2834 4988
587 406 816 467 ΕΝΝΙΑΝΑΕ
1138 428 1260 477 cxxxv

145 573 222 632 sisse
244 571 383 633 Lucilium
404 571 525 632 Seruius
550 579 673 632 testatur
696 574 723 632 in
752 573 826 634 den.
851 575 891 636 Xl
911 577 969 639 601
995 590 1050 640 mm
1071 587 1126 642 loto
1143 587 1259 659 smero

144 684 232 740 omos
264 679 372 737 Horret
392 694 419 736 a.
443 695 472 755 q.
496 678 534 756 sl
570 682 699 742 torret
731 693 821 741 ootem
857 688 985 744 terrtoto
1015 696 1067 746 est:
1104 699 1145 749 ert
1167 699 1257 750 oedem

144 802 246 845 uereor
268 786 416 842 Eratonos
443 789 617 859 atotperotus
646 791 789 847 odaottto
817 794 923 851 dicente
940 811 997 868 per
1025 797 1183 854 mnemoem
1209 801 1256 856 de·

144 894 234 950 mttere
250 907 312 947 eum
327 891 421 948 dicere
434 893 561 950 torret
576 901 611 950 et
630 897 737 969 alget.
774 898 851 954 Vnde
865 899 1000 956 Horatium
1019 900 1256 977 dedcdtofflat.

144 994 235 1070 110,
260 994 318 1073 54)
351 999 426 1056 ‘oon
455 1000 528 1056 ridet
560 1016 660 1057 uersor
684 1003 762 1059 Enni
787 1009 925 1077 protritote
951 1009 1100 1065 minores)
1144 1003 1257 1067 Etenim

145 1099 219 1161 llaec
238 1101 336 1160 Seruii
366 1101 390 1161 si
410 1120 473 1161 oum
497 1102 548 1162 illo
567 1100 707 1164 llaorobii
737 1104 804 1165 loco
826 1108 1003 1185 contuleris,
1030 1127 1088 1170 non
1112 1111 1256 1173 dubitabis

145 1209 267 1286 opinor,
295 1209 363 1287 quin
386 1209 505 1269 Seruius
534 1210 618 1269 istum
641 1229 726 1288 quem
753 1210 811 1270 dixi
843 1209 937 1272 Ennii·
954 1233 1070 1275 uersum
1100 1216 1254 1294 significet.

144 1312 181 1372 Vt
202 1312 272 1372 nihil
294 1323 381 1392 agam
403 1315 532 1376 editores
555 1319 604 1395 qui
626 1316 707 1377 abusi
730 1318 825 1377 Seruii
854 1321 1018 1381 testimonio
1041 1323 1124 1382 nimis
1150 1323 1256 1385 libera·

145 1418 211 1479 liter
233 1417 328 1480 linnio
353 1421 431 1482 illum
451 1422 594 1501 Vergilii:
625 1429 732 1484 Horret
757 1444 825 1502 oper
847 1433 991 1503 campique
1023 1436 1110 1489 orma
1136 1434 1255 1490 maant-

144 1529 193 1586 lrra
212 1531 316 1588 ardent
335 1528 491 1595 ascribant.
528 1529 583 1604 Qut
612 1548 675 1591 cum
703 1531 835 1608 indiguus
864 1550 933 1592 sane
956 1533 1093 1593 inrisione
1116 1536 1168 1610 sit,
1198 1543 1256 1594 tum

144 1631 271 1694 Lucilius
301 1633 444 1714 hisquae
476 1636 546 1697 dicit
566 1642 663 1697 torret
683 1647 709 1696 et
738 1643 811 1714 otpet
832 1638 985 1697 manifesto
1016 1639 1051 1700 ad
1078 1640 1161 1700 Ennii
1190 1640 1253 1700 illa:

143 1746 269 1817 splendet
295 1753 322 1802 et
347 1746 444 1803 torret
469 1743 587 1803 adludit.
633 1742 716 1803 Vnde
743 1744 767 1803 si
797 1743 863 1821 quid
887 1753 933 1804 est
955 1746 983 1804 in
1006 1762 1043 1805 eo
1069 1763 1156 1806 uersu
1177 1747 1255 1825 quod

144 1848 330 1925 emendetur,
364 1849 439 1909 haec
464 1859 612 1928 postrema
643 1850 765 1929 adparet
788 1851 893 1910 nullam
923 1854 1038 1912 omnino
1070 1853 1255 1914 mutationem

145 1955 232 2015 ierre.
279 1954 311 2016 ld
346 1956 423 2035 quod
452 1973 510 2016 non
543 1957 614 2017 satis
646 1957 756 2016 curauit
788 1955 917 2016 liitterus
951 1958 978 2016 in
1008 1956 1129 2036 Ephoro.
1165 1963 1253 2040 antiq.

143 2059 269 2127 liarmst.
303 2080 329 2121 a.
363 2060 443 2123 1840
470 2081 499 2141 p.
536 2061 614 2122 391:
645 2064 694 2140 qui
732 2061 948 2122 inconsiderate
979 2062 1185 2125 Neukirclrium
1216 2066 1254 2127 de

143 2165 201 2226 inlr.
225 2175 288 2245 tog.
319 2186 349 2246 p.
372 2167 413 2229 46
442 2178 561 2229 secutus
590 2186 626 2229 eo
662 2188 747 2249 quem
782 2167 893 2228 elinxit
927 2176 1112 2229 tetrametro:
1146 2173 1255 2247 rpdrro

143 2274 230 2332 dorda
251 2278 336 2350 ttnpr'a
361 2294 477 2351 compos
498 2279 623 2352 splendet
641 2280 789 2351 temetque
809 2276 837 2333 e't
851 2280 933 2350 pemit
954 2291 1038 2333 omne
1061 2273 1163 2335 Lucilii
1183 2276 1253 2337 ludi·

146 2377 237 2438 lrrium
258 2378 413 2440 abstersit:
446 2399 483 2442 ne
512 2381 580 2460 quid
609 2382 645 2442 de
668 2378 819 2440 llacrobio
849 2379 942 2439 dicam
970 2400 1056 2460 quem
1080 2380 1131 2440 ille
1165 2382 1254 2459 ipsius

144 2494 225 2545 certe
248 2488 457 2549 consuetudine
480 2498 662 2567 repugnante
684 2487 818 2548 consulto
840 2502 932 2546 uoces
952 2504 1024 2565 quas
1045 2488 1108 2565 ipse
1130 2489 1255 2548 restituit

144 2592 279 2652 omisisse
299 2595 442 2671 opinatur.
487 2594 596 2656 Verum
616 2597 640 2655 si
661 2595 725 2672 quis
747 2602 843 2653 tamen
865 2591 948 2651 Ennii
970 2594 1083 2672 poesim
1104 2594 1176 2654 nolit
1197 2595 1255 2654 lroo
1348 2603 1352 2610 '

143 2699 226 2777 quad
249 2708 378 2759 monstro
407 2700 568 2762 hexametri
593 2701 783 2762 dedecorari:
813 2717 848 2758 ea
875 2698 966 2758 uerba
991 2700 1030 2757 ita
1055 2709 1085 2758 ut
1106 2699 1256 2759 traduntur

144 2805 306 2865 Saturnium
323 2805 467 2866 eilleiunt:
490 2813 601 2886 sparsis
621 2810 707 2868 costo
723 2809 977 2883 lonpom-co'mpus
995 2809 1121 2883 splendet
1141 2818 1167 2865 et
1186 2811 1251 2866 tror-

143 2922 192 2973 ret.
239 2911 284 2972 Ao
306 2912 375 2972 licet
397 2914 548 2974 Saturnios
570 2916 617 2994 qui
641 2913 756 2994 quidem
785 2914 858 2972 certi
882 2915 937 2973 sint
963 2915 991 2971 in
1013 2912 1097 2971 Ennii
1124 2912 1254 2991 reliquiis

143 3036 199 3078 non
222 3018 400 3095 detexerim,
427 3028 523 3079 tamen
546 3020 613 3100 quid
640 3019 766 3098 inpedit,
800 3036 857 3096 quo
885 3021 977 3078 minus
1006 3035 1069 3076 eum
1099 3017 1126 3074 in
1148 3018 1253 3075 saturis

142 3127 266 3185 maxime
289 3124 346 3185 hoo
364 3142 482 3205 quoque
504 3134 597 3184 metro
613 3125 788 3203 aliquotiens
803 3143 884 3183 usum
901 3141 969 3182 esse
986 3119 1161 3182 credamus?
1193 3122 1252 3182 Sed

142 3229 199 3291 loc
221 3240 282 3291 utut
305 3240 364 3308 est,
395 3250 459 3291 cum
483 3230 552 3291 illud
575 3232 682 3291 uicisse
706 3231 827 3304 uidear,
857 3231 942 3289 uariis
965 3228 1132 3306 Scipionem
1154 3228 1253 3286 metris

142 3337 296 3398 deductum
317 3338 425 3398 fuisse:
459 3340 567 3398 corruit
590 3339 667 3416 qnod
690 3337 819 3397 liitterus
843 3336 862 3400 l.
884 3336 903 3395 l.
926 3334 1057 3412 cupidius
1087 3335 1253 3413 Scipionem

143 3463 211 3505 esse
234 3424 349 3524 epicum
374 3463 490 3505 carmen
511 3444 650 3504 defendit.
703 3441 756 3502 Cui
783 3442 811 3502 in
835 3462 870 3503 ea
898 3461 930 3502 re
952 3441 1062 3520 llugius
1087 3441 1253 3501 adsentiens

143 3550 184 3610 illi
205 3553 303 3611 uersui
326 3569 411 3630 quem
434 3570 491 3610 non
519 3561 622 3630 posset
643 3568 700 3610 non
722 3566 776 3629 pro
799 3551 968 3611 hexametro
980 3548 1089 3609 habere
1103 3551 1130 3608 in
1146 3549 1252 3608 annali·

143 3657 197 3717 ltus
219 3656 319 3716 sedem
339 3658 483 3737 adsignat,
506 3660 534 3717 ni
554 3659 653 3718 mirum
677 3658 866 3734 llaerolrium‚
888 3676 951 3716 cum
971 3656 1138 3734 Scipionem
1164 3654 1252 3731 dicat,

142 3780 198 3823 non
220 3781 258 3823 eo
281 3765 395 3823 nomine
424 3765 587 3843 insignitum
611 3783 743 3840 carmen,
772 3764 824 3823 sed
853 3771 964 3842 partem
993 3762 1134 3822 annalium
1153 3760 1253 3820 dicere

142 3871 277 3950 opinatus
309 3887 372 3930 eam
405 3888 480 3949 quae
507 3871 630 3931 maxime
657 3872 685 3929 in
707 3871 853 3950 Scipionis
880 3868 969 3929 rebus
996 3877 1140 3927 uersetur.
1193 3868 1252 3927 Sed

142 3976 199 4038 loo
228 3997 292 4039 oum
317 3977 511 4055 ambiguitatis
534 3996 621 4038 causa
645 3995 749 4037 uerear
776 3985 806 4036 ut
829 3976 979 4054 quisquam
1000 3976 1251 4051 grammaticorum

142 4102 263 4145 ausurus
286 4084 390 4159 luerit,
419 4092 476 4142 tum
492 4082 634 4144 llacrobii
652 4084 719 4143 loco
742 4091 900 4163 praeeunte
921 4083 984 4160 ipso
1007 4082 1148 4142 annalium
1169 4080 1252 4140 titulo

143 4191 288 4270 inprimis
309 4191 518 4251 incommodum
542 4191 628 4250 ioret.

225 4295 329 4375 ltaque
351 4315 415 4358 cum
436 4298 491 4357 iam
513 4297 551 4357 ob
574 4316 708 4357 uersuum
731 4297 957 4379 quamSoipioni
975 4294 1180 4357 uindicauimus
1203 4310 1252 4352 ua·
