2834 4988
194 389 256 455 172
633 395 858 452 evantium

192 571 316 649 terras,
343 565 453 658 ibique
479 566 577 635 eoin
603 568 716 634 monte
739 588 830 635 aram
856 571 946 636 creat
965 566 1085 654 Caelo;
1112 568 1309 661 primusque

193 668 225 737 in
247 691 288 738 ea
306 691 364 737 ara
381 669 527 760 luppiter
543 669 760 756 sacrificauit3
790 670 824 739 in
841 694 883 740 eo
904 671 980 741 loco
998 672 1150 762 suspexit
1174 672 1206 740 in
1223 694 1310 740 eae-

193 774 260 842 lum
283 772 373 864 quod
402 794 489 842 nune
513 795 577 842 nos
605 773 813 842 nominamus
841 775 952 866 [idque
973 775 1064 866 quod
1086 798 1187 865 supra
1204 797 1310 844 mun-

132 887 176 947 35
194 877 271 945 dum
289 880 376 959 erat,
401 876 491 968 quod
509 875 624 946 aether
639 877 839 963 uocabatur,
864 880 905 948 de
921 878 975 947 sui
991 879 1046 947 aui
1062 879 1194 948 nomine
1211 879 1309 948 eaelo

194 1002 312 1049 nomen
331 979 475 1071 indiditl,
496 979 596 1071 idque
614 980 761 1072 luppiter
778 983 867 1074 quod
890 980 1004 1050 aether
1025 982 1207 1051 uocabatur
1223 1004 1310 1073 pre·

193 1105 273 1152 cans
296 1082 436 1173 primum
462 1084 589 1152 eaelum
617 1084 814 1173 nominauit3
850 1107 991 1178 eamque
1019 1085 1177 1169 bostiam,
1207 1107 1310 1178 quam

193 1187 236 1255 ibi
258 1187 419 1270 sacrauit,
443 1190 545 1256 totam
563 1188 729 1256 adoleuit’

295 1426 361 1495 Vbi
372 1426 517 1517 luppiter
528 1428 681 1517 Neptuno
703 1321 873 1518 ihffln’um
892 1425 948 1494 dat
965 1424 1075 1509 maris,
1099 1425 1186 1494 utin
1206 1424 1309 1494 insu-

135 1539 175 1598 40
194 1531 235 1599 lis
259 1531 410 1601 omnibus
433 1533 466 1599 et
492 1552 577 1624 quae
597 1531 779 1600 seeundum
804 1551 895 1599 mare
917 1528 992 1599 loea
1016 1533 1129 1598 essent
1153 1529 1309 1598 omnibus

194 1638 351 1727 regnaret

725 1737 771 1806 [Χ

295 1839 344 1908 Ea
366 1842 560 1929 tempestate
584 1840 785 1930 luppiterin
814 1842 924 1909 monte
955 1836 1100 1930 Olympo
1130 1838 1310 1908 maximam

192 1947 318 2033 partem
343 1943 431 2011 uitae
454 1943 584 2013 colebat
610 1949 642 2013 et
672 1966 713 2014 eo
741 1944 783 2013 ad
806 1965 882 2013 eum
907 1943 941 2011 in
971 1943 1023 2011 ius
1049 1941 1241 2026 ueniebant,
1279 1941 1310 2011 si

194 2068 278 2139 quae
307 2069 362 2115 res
391 2047 423 2114 in
448 2047 677 2116 controuersia
705 2053 808 2117 erant.
854 2047 935 2117 Item
960 2045 988 2115 si
1013 2046 1088 2138 quis
1119 2045 1196 2138 quid
1226 2045 1310 2115 noui

134 2163 175 2222 45
193 2151 378 2233 inuenerat,
414 2150 501 2243 quod
529 2151 571 2219 ad
599 2151 701 2219 uitam
731 2151 907 2220 humanam
933 2150 1013 2219 utile
1039 2152 1145 2232 esset,
1173 2171 1214 2218 eo
1240 2171 1311 2218 ue-

194 2254 302 2323 niebat
318 2256 417 2346 atque
435 2253 505 2323 loui
524 2254 729 2324 ostendebat

294 2471 484 2540 Lactantius
499 2472 572 2540 Diu.
584 2473 661 2543 lnst
678 2372 783 2545 luia
806 2470 994 2541 ‘natos'sibi
1008 2472 1096 2542 filios
1111 2493 1177 2542 non
1193 2470 1312 2562 utique

193 2574 391 2659 deuorabat,
425 2579 462 2642 ut
492 2576 601 2645 ferunt
636 2578 783 2663 fabulae,
821 2575 881 2645 sed
917 2577 1069 2659 necabat,
1109 2596 1311 2668 quamquam

193 2677 350 2767 seriptum
375 2678 417 2746 sit
436 2678 469 2746 in
496 2679 674 2750 historia
693 2704 814 2751 saera
835 2679 1014 2748 Saturnum
1035 2683 1068 2747 et
1087 2676 1191 2769 Opem
1212 2680 1310 2746 eete-
1383 2740 1385 2745 .

193 2803 317 2873 rosque
352 2784 430 2849 tune
464 2781 615 2852 homines
644 2784 818 2856 humanam
849 2804 981 2851 earnem
1014 2782 1133 2852 solitos
1167 2781 1309 2849 esitare:

194 2907 307 2953 uerum
334 2885 475 2975 primum
498 2885 610 2955 Iouem
631 2886 725 2979 leges
750 2885 937 2958 hominibus
959 2907 1135 2978 moresque
1155 2884 1310 2953 conden-

192 2990 257 3057 tem
280 2988 385 3057 edieto
403 2988 630 3078 prohibuisse,
658 3014 700 3060 ne
718 2992 831 3062 liceret
850 3011 890 3058 eo
909 2988 982 3058 cibo
1005 2989 1114 3058 uesci'

225 3192 285 3240 Vlll
302 3190 451 3241 Lactantius
457 3186 518 3243 mu.
529 3193 590 3240 lnst.
603 3193 613 3241 I
624 3208 645 3241 e.
656 3193 683 3242 ll
702 3197 742 3244 ‘ni
753 3195 854 3252 mirum,
867 3198 966 3241 ueteres
977 3191 1099 3242 historiae
1110 3191 1209 3241 docent.
1234 3189 1311 3239 Anti-

192 3276 257 3323 quus
273 3269 360 3309 auctor
375 3258 544 3322 nameus,
561 3262 603 3324 qui
616 3261 664 3310 tuit
680 3279 712 3312 ex
727 3265 831 3314 ciuitate
844 3263 970 3320 Messene,
988 3276 1029 3310 res
1040 3268 1127 3326 gestas
1140 3260 1209 3309 louis
1226 3266 1252 3308 et
1267 3275 1312 3309 ce-

191 3339 302 3379 terorum
324 3329 429 3397 qui-dii
448 3334 570 3397 punitur
590 3332 693 3398 collegit
713 3370 761 3383 ...
786 3333 853 3383 hano
871 3332 1005 3381 historiam
1026 3340 1050 3381 et
1067 3333 1248 3396 interpretatus
1270 3336 1313 3380 est

192 3400 289 3453 Ennius
311 3409 334 3448 et
348 3406 467 3460 seoutns3
481 3401 559 3451 euius
575 3401 638 3450 haee
651 3402 731 3451 uerba
751 3412 822 3453 sunt:
842 3402 910 3451 ubi'
931 3418 953 3450 e.
969 3417 993 3463 q.
1010 3417 1031 3449 s.
1104 3401 1140 3449 IX
1159 3399 1311 3448 Lactantius

192 3470 251 3518 Diu.
268 3471 329 3517 lnst.
344 3471 354 3517 Ι
369 3487 390 3519 e.
408 3469 439 3519 11
460 3469 502 3520 ‘ln
515 3470 624 3536 Olympo
648 3481 732 3522 autem
744 3475 832 3523 Iouem
846 3472 977 3521 habitasse
993 3470 1066 3519 docet
1088 3470 1195 3519 historia
1215 3469 1311 3520 eadem

123 3572 146 3609 ο

12 3616 37 3649 ³
94 3610 102 3627 ί
223 3649 270 3743 ⁴:34
292 3645 367 3716 quod
384 3661 457 3699 nune
480 3661 531 3699 nos
548 3646 723 3701 nominamus
740 3649 803 3703 libri
813 3648 951 3718 plerique.
976 3645 1051 3716 quod
1074 3645 1232 3700 nominatur
1256 3631 1312 3699 ori·

191 3718 284 3805 ’ρανός
302 3730 364 3784 edd.
381 3731 445 3799 aliq.
540 3729 622 3784 Vocis
643 3732 753 3786 inducto
773 3749 827 3787 nou
842 3733 923 3802 potui
939 3731 1007 3785 mibi
1019 3730 1195 3802 persuadere
1209 3734 1260 3783 aaut
1274 3728 1313 3783 ab

151 3824 158 3833 '
186 3814 335 3872 Lactantio
357 3821 405 3869 out
425 3814 460 3866 ab
480 3828 510 3867 eo
531 3829 610 3885 quem
632 3818 655 3870 is
681 3823 820 3871 auctorem
844 3818 966 3886 sequitur
983 3817 1124 3886 proximis
1141 3815 1311 3886 praeposita

93 3954 102 3975 ,Ι
188 3898 288 3973 Μαι
305 3900 332 3953 in
349 3915 403 3969 quo
420 3898 482 3951 loeo
499 3901 635 3969 suspexit,
653 3900 736 3970 idque
752 3901 827 3972 quod
843 3917 929 3970 supra
944 3900 1065 3954 mundus
1082 3905 1149 3964 erat,
1172 3898 1311 3970 quodque

75 3986 145 4053 ·,”σ
193 3984 288 4057 aether
320 3985 473 4039 uocabatur
504 4000 625 4052 precans
652 3987 771 4054 primum
799 3987 907 4041 eaelum
935 3986 1088 4039 nominauit
1118 3985 1266 4040 ciaconius

216 4056 269 4126 '‘35
285 4075 400 4123 uocatur
415 4069 495 4138 nubo
581 4073 615 4127 39
638 4071 683 4124 ubi
704 4072 782 4126 ‘libri
794 4071 991 4142 quamplurimi
1009 4074 1081 4124 iuter
1095 4083 1162 4141 quos
1179 4074 1245 4122 auru
1260 4084 1313 4124 ue-

192 4156 298 4208 terrimi
316 4159 343 4208 et
364 4154 474 4224 optiuu'⁴
501 4153 537 4207 ibi
560 4155 624 4225 aliq.
651 4155 714 4209 edd.
738 4163 764 4210 ei
782 4156 859 4223 edd„
882 4171 935 4209 om.
952 4156 1104 4227 pleraeque
1128 4154 1189 4207 edd.
1282 4154 1314 4209 in

192 4239 292 4294 insulis
318 4256 372 4293 oru.
389 4238 517 4308 plerique
535 4239 599 4293 libri
686 4244 723 4298 40
748 4240 905 4296 seeundum
926 4240 1053 4311 plerique
1074 4245 1100 4294 et
1119 4239 1214 4310 optimi
1236 4237 1315 4294 libri.

194 4340 277 4379 seeus
296 4325 359 4395 aliq.
375 4323 438 4378 edd.
457 4327 483 4376 et
496 4324 558 4378 edd.
