2834 4988
148 396 224 442 LXII
555 390 864 457 QVAESTIONES

145 569 267 631 quorum
295 552 522 628 fragmentorum
546 571 610 612 cum
638 553 709 613 illud
739 555 841 615 incerti
867 558 990 616 nominis
1013 558 1066 634 sit,
1092 560 1256 621 sententiae

147 661 325 720 concinnitas
349 660 455 735 suasit,
479 668 509 717 ut
531 660 615 719 alteri
638 661 665 718 in
688 662 769 720 unius
800 664 937 722 enuntiati
961 665 1145 743 complexum
1170 683 1254 744 prae-

146 765 294 841 figeretur.
351 766 410 826 Sed
445 767 474 825 hi
510 785 612 825 uersus
646 785 709 825 cum
742 766 875 846 Vergili0
909 771 1059 830 obuersati
1091 772 1254 846 uideantur,

147 870 222 948 apud
247 888 332 947 quem
365 871 502 950 (AemX
528 874 582 951 11)
610 873 741 952 Iuppiter
771 879 898 933 crdsscniet
930 875 1021 953 inquit
1054 882 1154 936 instem
1181 896 1254 952 pnp-

145 997 214 1050 nne‚
251 998 285 1037 ne
313 986 456 1052 arcessite,
483 989 603 1054 ternpus,
633 986 700 1040 Cnrn
719 985 785 1056 fere
815 983 952 1056 Cnrtbepo
983 984 1118 1039 Romanis
1145 984 1256 1038 arcibus

148 1090 210 1142 olim
238 1090 360 1144 Eritium
387 1104 515 1160 mnpnnm
540 1095 621 1159 ntqne
641 1088 726 1160 Alpes
753 1092 867 1144 inmittet
892 1095 1015 1161 apertos.
1069 1090 1149 1145 ann
1177 1103 1254 1143 cer-

148 1200 228 1249 tnrc
249 1197 354 1264 odiis,
377 1200 444 1248 inm
470 1207 531 1246 res
553 1196 721 1264 rapuisse
743 1195 875 1265 licebit,
905 1190 972 1250 inde
999 1190 1181 1250 coniciebam
1204 1207 1255 1249 eos

148 1299 204 1375 ipsi
225 1295 392 1355 Hannibalis
414 1293 514 1352 Italiae
538 1296 682 1370 ingressui
706 1298 885 1375 praemissos
911 1297 1012 1360 fuisse.
1064 1293 1118 1356 (lui
1140 1296 1254 1375 quidem

149 1405 280 1463 transitui
312 1402 387 1461 haud
420 1400 482 1458 scio
517 1417 552 1457 an
584 1400 631 1460 hic
661 1421 764 1461 uersus
798 1403 952 1462 conueniat
976 1408 1105 1476 uiresque
1133 1407 1255 1460 umentes
1317 1433 1320 1439 ·

149 1514 275 1570 Contudit
295 1512 414 1566 credetis
432 1510 538 1581 biemps
560 1507 632 1583 (inc.
657 1510 720 1569 sed.
744 1508 880 1587 XXXII).

234 1617 331 1691 Pugna
359 1613 394 1671 ad
417 1611 623 1671 Trasumenum
652 1617 753 1674 nescio
781 1635 816 1675 an
841 1615 897 1673 boc
919 1612 1043 1672 frustulo
1075 1611 1254 1688 significetur

150 1727 238 1782 Poeni
256 1741 320 1781 snos
344 1725 415 1778 soliti
429 1723 471 1776 dis
486 1725 651 1794 sacrificare
664 1727 774 1795 puellos
798 1720 885 1799 (IV):
922 1737 986 1778 cum
1017 1719 1092 1777 enirn
1114 1715 1254 1778 Hannibal

150 1830 186 1889 ad
208 1829 265 1887 boc
286 1825 430 1905 proelium
449 1843 482 1883 se
506 1825 692 1902 adcingeret‚
716 1826 818 1885 adsunt
832 1825 1008 1903 Cartbagine
1031 1823 1111 1882 missi
1135 1825 1184 1903 qui
1206 1824 1253 1884 du·
1329 1904 1333 1912 ¹

150 1938 192 1996 cis
214 1943 331 2012 gnatum
357 1932 402 1991 dis
423 1932 643 1992 sacrificandum
671 1943 839 2011 poscerent.
884 1932 1007 1992 Rettulit
1037 1950 1100 1992 eam
1127 1950 1189 1992 rem
1212 1931 1254 1991 Si·

150 2044 204 2102 lius
228 2040 266 2100 IV
290 2040 349 2100 765
384 2058 447 2097 cccc
473 2049 564 2098 entem
585 2050 685 2114 potres
713 2044 833 2098 ederent
859 2044 1026 2116 Certbnpine
1047 2045 1124 2098 masi
1149 2039 1255 2118 (Causa

149 2157 213 2209 scine
232 2169 287 2207 non
307 2167 402 2222 preren
417 2147 502 2222 uiris)
518 2164 570 2203 nec
592 2151 664 2204 tecte
683 2148 822 2220 ferebant.
848 2149 910 2205 Mos
931 2149 986 2221 fnit
1006 2151 1033 2205 in
1042 2152 1166 2222 populis,
1191 2163 1256 2222 qnos

151 2260 270 2316 condidit
291 2259 400 2312 ndncnn
422 2254 512 2327 Dicis,
536 2254 656 2311 Poscere
679 2257 764 2311 caede
786 2257 850 2311 deos
872 2257 995 2325 aceniam,
1018 2272 1053 2310 ec
1072 2256 1256 2328 flnprentibns

150 2369 210 2421 nris
233 2359 403 2435 (Infandum
418 2356 521 2433 dictust)
539 2376 680 2431 parisos
700 2364 876 2432 inponere
894 2368 997 2416 nectos
1020 2402 1027 2416 .
1046 2402 1053 2416 .
1070 2401 1103 2416 ..
1129 2362 1181 2417 Oui
1195 2361 1255 2433 snio

150 2472 271 2540 sortique
294 2469 374 2521 eleum
397 2467 431 2519 de
451 2482 527 2520 more
543 2469 656 2536 petebat
673 2466 839 2522 Hannibalis
856 2470 962 2539 prolem
983 2469 1089 2523 discors
1110 2470 1256 2539 antiquitus

152 2576 264 2630 Henna.
310 2567 391 2640 Quae
413 2568 437 2625 si
460 2566 496 2627 ab
516 2567 608 2626 Ennio
632 2577 753 2647 utputo
777 2586 833 2628 non
863 2570 1011 2646 aluerunt,
1040 2568 1183 2628 credibile
1213 2577 1256 2627 est

152 2676 206 2735 bac
234 2676 391 2734 occasione
419 2691 528 2733 morem
560 2674 639 2733 illum
667 2675 830 2735 Poenorum
862 2676 978 2755 puellos
1003 2677 1047 2735 dis
1075 2675 1257 2736 sacrificandi

150 2791 336 2841 memoratum
358 2781 459 2839 fuisse.

236 2886 405 2948 Ceterarum
429 2886 616 2965 reliquiarum
647 2905 716 2965 pars
745 2888 867 2947 maxima
895 2889 977 2967 (inde
1000 2909 1016 2950 a
1038 2886 1080 2947 VI
1101 2906 1196 2966 usque
1222 2887 1256 2947 ad

149 2996 233 3077 XIX)
258 2998 293 3058 ad
320 2993 433 3055 cladem
454 2989 654 3069 Cannensem,
684 2993 787 3073 inqua
811 2993 931 3053 Ennium
954 2992 1109 3072 probabile
1132 3003 1256 3054 estnon

151 3123 240 3184 parce
268 3111 414 3162 uersatum
443 3118 529 3176 esse,
557 3099 703 3178 pertInuit.
748 3100 818 3158 Post
840 3109 900 3159 tres
930 3101 1029 3160 clades
1053 3101 1175 3161 Romani
1197 3120 1256 3161 rur·

151 3230 200 3270 sus
228 3210 299 3270 belli
321 3206 482 3286 periculum
504 3208 670 3284 temptaturi
692 3208 809 3283 socios,
837 3207 911 3266 inter
943 3225 1018 3286 quos
1046 3206 1151 3284 Marsi,
1187 3209 1256 3268 Pae-

149 3319 230 3395 ligni,
243 3317 356 3375 Vestini
371 3313 455 3391 (vl),
471 3314 598 3393 undique
613 3323 774 3375 arcessunt.
799 3312 860 3371 Hac
879 3314 953 3371 enim
969 3315 1186 3391 opportunitate
1203 3314 1256 3374 hos

150 3422 288 3502 populos,
313 3421 362 3499 qui
377 3420 494 3498 saepius
509 3421 655 3480 coniuncti
670 3419 746 3498 apud
763 3420 924 3497 scriptores
938 3429 1094 3480 occurrunt
1117 3422 1173 3501 (cf.
1189 3421 1256 3483 Nie-

151 3527 270 3587 bubrius
284 3525 356 3585 Hist.
371 3524 454 3584 Rom.
468 3525 480 3584 I
498 3525 585 3605 tta),
608 3529 693 3585 etiam
710 3526 808 3600 Silius,
831 3545 916 3603 quem
929 3529 1052 3587 maxime
1066 3529 1093 3586 in
1106 3528 1161 3588 bac
1175 3536 1256 3606 parte

150 3634 322 3694 narrationis
344 3647 469 3709 sequor,
496 3632 732 3692 commemorauit
753 3628 821 3689 VIlI
842 3631 903 3690 497
924 3643 954 3691 et
966 3636 1092 3694 Marsica
1111 3640 1200 3711 pubes
1216 3671 1258 3679 -

151 3744 373 3814 —cons'crnpitnr
394 3755 462 3796 acer
476 3740 625 3814 Paelipnns
637 3745 779 3816 pelidoqne
793 3743 869 3812 repit
883 3742 1012 3798 Sulmone
1021 3745 1146 3800 cobortes
1163 3739 1257 3820 (512)

150 3879 192 3888 —-
212 3877 253 3890 -·
272 3847 350 3903 bend
376 3849 431 3904 nilo
459 3849 546 3903 lenior
572 3847 648 3902 bellis
680 3846 790 3901 Vestina
825 3850 951 3904 inuentus
984 3849 1099 3921 dymine
1134 3851 1261 3906 densant

152 3948 258 4025 (517).
304 3948 468 4010 Adueniunt
497 3949 602 4028 coplae
634 3946 729 4026 (Vll).
774 3947 936 4008 Varronem
963 3949 998 4009 ad
1028 3952 1172 4029 proelium
1200 3952 1258 4012 ier·

149 4054 215 4114 uida
238 4057 403 4115 temeritate
422 4064 610 4134 proruentem
635 4054 739 4114 Paulus
762 4055 858 4113 studet
882 4073 1002 4115 arcere:
1036 4058 1100 4134 quis
1126 4058 1202 4117 enim
1232 4058 1261 4115 in

148 4159 193 4219 lus
209 4181 340 4236 praecone
365 4184 461 4238 pnpnn
484 4172 524 4221 cst
545 4159 644 4239 (VIII)
670 4169 698 4218 et
720 4171 830 4219 certare
854 4164 973 4220 nbnnco:
998 4173 1085 4221 meino
1112 4167 1260 4238 lepiom’bus

148 4271 234 4324 tabern
259 4266 331 4344 (IX)
350 4284 408 4325 non
428 4275 570 4342 agnoscat
594 4265 673 4325 Pauli
695 4266 868 4326 laudabilem
892 4284 990 4325 curam
1012 4286 1047 4327 ac
1070 4265 1257 4327 cautionem?
