2834 4988
568 363 808 435 nnnrnnnn
1167 383 1256 430 xxxi

144 559 234 615 tutam
257 546 401 609 Troianae
425 545 597 606 calamitatis
617 551 742 604 aetatem
766 543 931 620 ignorasse,
955 541 1101 618 cognitam
1121 539 1200 600 illarn
1227 547 1276 599 et·

143 657 310 732 adhibitam,
335 663 366 715 ut
388 655 532 728 nouimus,
556 649 592 710 ab
615 648 700 710 Ennii
721 650 856 728 aequale,
879 648 1001 710 Gatone.
1046 645 1092 707 Gi.
1108 628 1257 723 ⁴Scbnreg·

148 764 231 824 lerus
254 762 274 822 l.
296 755 370 842 t.·'p.
393 761 466 821 410.
491 757 567 833 Quid
589 755 703 834 igitur?
724 756 769 818 Ne
793 766 873 818 certa
901 754 1106 817 incertioribus
1125 753 1190 830 regi
1209 761 1257 813 aut

145 859 240 927 euerti
262 839 418 945 patiamur,
449 865 558 930 Ennius
579 863 723 942 putandus
752 871 798 921 est
832 864 935 923 nescio
965 863 1069 942 quibus
1097 859 1257 922 rationibus

144 981 194 1031 aut
216 990 302 1051 quem
324 960 504 1051 potissimum
527 977 677 1033 auctorem
697 977 814 1030 secutus
844 979 979 1050 ternpore
1005 980 1062 1031 tarn
1094 968 1257 1028 remouissc

146 1077 255 1138 'l’roiae
276 1078 468 1141 calamitatem
491 1098 575 1168 quam
600 1078 712 1138 Romae
736 1065 1109 1168 primordiaopromouisse.
1154 1080 1167 1141 ’.

231 1184 335 1265 ltaque
357 1194 388 1245 ut
410 1185 513 1247 redeat
535 1187 652 1248 tandem
676 1185 752 1246 unde
778 1183 899 1245 deberit
924 1184 1035 1258 oratio,
1059 1180 1112 1242 llia
1134 1194 1189 1261 per
1216 1181 1281 1241 ian
1356 1249 1358 1254 ,
1395 1172 1398 1178 ’

145 1291 261 1351 miliare
286 1291 353 1351 buic
375 1298 484 1370 poetae
503 1294 607 1352 somnii
622 1294 775 1354 artilicium
787 1290 981 1352 calamitatem
995 1289 1149 1368 praecidet
1161 1307 1258 1349 suam:

145 1416 232 1478 quarn
261 1397 403 1478 deinceps
432 1404 522 1478 poeta
552 1401 618 1478 ipse
647 1399 789 1461 narrauit:
821 1415 879 1458 non
904 1396 980 1458 adeo
1008 1405 1100 1475 parce·
1127 1395 1258 1459 Ouidium

146 1505 171 1563 si
204 1505 286 1566 audis
317 1503 404 1565 'l’rist
436 1505 463 1567 ll
495 1504 573 1567 259:
612 1513 761 1583 compserit
789 1510 921 1569 annates:
953 1507 1035 1577 (nabit
1063 1515 1103 1563 est
1127 1507 1260 1563 breulius

145 1615 234 1681 illiso
267 1615 357 1686 Facta
387 1619 423 1673 cit
454 1619 527 1673 carde
547 1594 663 1699 'carens
689 1615 744 1672 llic
767 1632 865 1689 nempe
897 1618 965 1689 leqet
987 1609 1140 1697 (XXXV).
1179 1609 1259 1671 ittam

146 1713 300 1776 Vestalem
324 1716 417 1789 inisse
440 1715 547 1778 Cicero
570 1719 606 1779 de
629 1719 688 1780 diu.
706 1703 725 1778 '1
748 1718 799 1796 20,
821 1720 862 1779 40
890 1719 1012 1794 indicat,
1044 1718 1072 1777 in
1094 1735 1180 1797 quem
1202 1733 1259 1798 non

146 1821 201 1882 init
222 1824 319 1902 ipsum
342 1840 448 1883 nomen
470 1822 541 1887 lliae
563 1827 757 1887 coniectando
776 1824 968 1887 inferendum.
1166 1831 1170 1836 '

235 1928 305 1990 Post
322 1940 438 2009 partum
459 1932 488 1991 iu
509 1931 636 1993 Tiberim
660 1933 845 2013 praecipitari
868 1932 983 1992 iubetur
1005 1949 1110 2010 arege
1128 1929 1259 1992 Albano·
1355 1912 1360 1920 ¹

146 2036 372 2115 rum-Amulio,
399 2038 549 2116 iconem,
581 2050 611 2100 ut
629 2049 693 2101 erat
712 2038 885 2100 tralaticium
905 2056 959 2117 per
985 2038 1096 2100 ltaliam
1124 2047 1259 2113 tyranno·

117 2226 121 2231 Δ
148 2161 215 2204 rum
235 2161 352 2222 nomen,
374 2144 496 2207 Ennium
519 2163 638 2226 qnoque
664 2148 776 2221 tyranni
801 2147 883 2205 uices
910 2145 1071 2206 contulisse
1097 2144 1260 2224 Porphyrio

149 2249 180 2309 in
197 2248 269 2309 llor.
295 2248 390 2313 carn.
414 2251 479 2329 12,
505 2251 543 2314 18
565 2254 650 2314 testis
672 2263 719 2315 est
738 2249 935 2331 (XXXVIII).
978 2250 1072 2313 linnio
1095 2255 1262 2333 praeiuerat

148 2354 297 2435 Naeuius,
330 2358 355 2418 si
384 2375 455 2418 uera
484 2367 547 2435 est,
577 2377 662 2438 quarn
685 2359 861 2423 Niebubrius
887 2357 960 2418 llist.
988 2357 1074 2419 Rom.
1104 2361 1117 2423 l
1143 2382 1173 2442 p.
1201 2362 1260 2425 120

150 2462 298 2540 probauit,
317 2464 472 2543 llermanni
494 2462 589 2527 lilem.
614 2466 708 2530 doec.
732 2477 816 2528 metr.
844 2485 873 2546 p.
895 2466 955 2527 631
982 2468 1160 2531 coniectura.
1199 2468 1258 2529 Sed

149 2569 283 2648 isquam
306 2589 372 2650 nam
399 2573 583 2650 cognationis
613 2576 753 2636 rationem
776 2593 839 2636 cnm
867 2572 970 2634 Aenea
992 2581 1021 2633 et
1043 2574 1095 2636 llia
1116 2575 1260 2650 babuerit,
1313 2599 1316 2610 ·

148 2676 217 2737 mibi
243 2677 415 2756 obscurum,
440 2688 471 2753 ut
492 2679 552 2739 intr.
567 2679 728 2741 Niebubrio
748 2679 821 2741 llist.
845 2679 928 2753 Rom..
949 2678 1008 2758 lp.
1031 2679 1099 2741 120.
1134 2680 1179 2741 De
1202 2698 1260 2760 quo

102 2836 106 2843 .
148 2785 246 2844 missis
258 2784 380 2845 aliorum
397 2773 567 2845 commentis
589 2804 673 2847 unam
685 2786 806 2863 llbergii
824 2788 880 2846 mei
905 2787 1095 2864 suspitionem
1105 2791 1259 2864 attingam,

149 2878 295 2976 Amulium
318 2890 477 2953 Ennianum
506 2910 575 2953 esse
597 2893 718 2955 Aeneae
748 2893 836 2953 filiurn
865 2893 1036 2952 conicientis
1052 2910 1080 2970 p.
1101 2892 1151 2954 26.
1196 2892 1261 2954 lloe

93 3047 121 3062 ,.
151 2997 228 3062 enim
248 2996 450 3076 Apollodorus
472 2999 504 3059 in·
522 2997 675 3061 Euxenide
693 3000 784 3080 (apud
800 2997 924 3057 ¹Festum
947 2989 975 3075 ρ’.
1001 2996 1062 3058 266
1081 2998 1136 3077 Μ.)
1167 3006 1260 3058 Aerrea

142 3088 176 3162 ‘et
202 3099 322 3164 bacinia
347 3118 429 3166 natos
452 3110 602 3187 Meconem,
627 3109 751 3178 Mutum,
775 3108 965 3181 Rbomumqoe
989 3116 1070 3180 atque
1091 3108 1126 3162 ob
1155 3108 1262 3163 Rborno

149 3213 215 3268 urbi
240 3218 357 3285 coetum
381 3232 491 3274 nomem
525 3212 689 3274 blonstrose
708 3212 823 3272 nomina
844 3221 931 3290 atque
954 3210 1094 3280 inaudita,
1120 3208 1261 3287 equibus

91 3390 94 3394 ,
151 3313 201 3375 ore
223 3298 548 3401 animalculorum
564 3319 679 3381 noman
695 3338 721 3381 ο.
743 3317 763 3379 a
784 3319 816 3381 u
834 3315 881 3394 aa,
904 3316 1047 3397 Αιμιναν
1067 3305 1122 3395 etv
1140 3314 1262 3377 Arcton

151 3419 202 3480 arel
217 3423 381 3502 Λαβινίας,
402 3417 485 3507 ’Ἄρει
507 3427 736 3506 συγγενομένην,
760 3424 906 3503 subtiliter
920 3423 1000 3485 baec
1023 3429 1117 3484 Aeaea
1136 3435 1161 3483 et
1176 3428 1261 3482 Luni·

150 3533 199 3586 nic
227 3537 308 3589 nator
328 3534 487 3604 Aemiliam,
515 3537 651 3592 Amanum
676 3549 752 3610 eq.
777 3549 801 3590 s.
826 3529 957 3591 elicuit*.
998 3530 1100 3610 ltaque
1122 3549 1140 3591 c
1162 3530 1262 3590 latina

151 3633 216 3710 (uel
231 3635 329 3712 potins
342 3617 472 3715 Albana)
490 3637 615 3714 coniuge
632 3636 669 3698 ab
684 3638 783 3697 Aenea
799 3647 968 3717 succeptum
979 3637 1123 3697 Amulium
1141 3637 1262 3698 arbitra·
1357 3678 1358 3681 κ

150 3747 206 3800 tur.
243 3739 281 3801 Ni
302 3741 402 3801 mirum
417 3741 466 3801 ubi
484 3760 501 3801 e
520 3743 633 3821 uulgari
652 3747 815 3806 narratione
834 3746 1022 3806 intercalatae
1037 3744 1171 3804 consulto
1187 3745 1262 3804 inter

150 3844 281 3907 Aeneam
304 3857 334 3908 et
351 3847 495 3908 Amulium
519 3859 631 3910 aetates
656 3852 816 3927 exemeris,
844 3852 975 3912 Amulius
998 3854 1024 3912 in
1048 3850 1142 3935 iocum
1167 3851 1261 3924 Siluii,

109 3982 112 3989 ·
151 3951 271 4014 Aeneae
292 3972 310 4013 e
334 3952 434 4016 Latina
457 3974 547 4015 uxore
568 3939 634 4032 lilii,
658 3957 800 4017 succedit.
841 3958 885 4032 At
899 3978 934 4020 ea
956 3960 1069 4028 ratione
1093 3977 1155 4019 cum
1172 3976 1261 4036 qnae·

215 4222 235 4265 ·*
255 4226 326 4275 ldenn
353 4227 429 4277 uideo
455 4227 643 4295 Schweglernnr
669 4229 732 4280 llist.
762 4231 835 4281 Rom.
860 4234 869 4281 l
892 4249 917 4297 p.
948 4233 999 4282 402
1028 4233 1182 4292 conticuisse,
1212 4229 1261 4277 nisi

93 4346 96 4352 ·
151 4313 218 4374 quod
236 4313 263 4361 iu
282 4313 385 4363 liuius
403 4315 553 4366 delitescere
572 4316 738 4367 Romulum
757 4318 916 4382 probabilius
928 4318 965 4390 illi
984 4318 1094 4366 uidetur.
