2834 4988
583 392 811 450 ENNIANAE
1197 411 1262 458 LIII

152 558 269 636 quidem
290 556 326 615 ab
349 557 411 615 eius
435 556 770 634 auctoritatehppianus
792 557 864 617 Exc.
886 559 1024 619 SamnX
1045 570 1074 620 et
1089 561 1259 626 Plutarchus

151 662 253 738 Pyrrhi
284 682 309 727 c.
339 662 379 722 20
407 663 554 741 pendent,
592 664 630 721 ita
658 664 760 739 tradit,
789 680 846 721 non
874 665 1042 744 redemptos
1073 687 1140 728 esse
1169 675 1259 750 capti·

152 787 222 845 uos,
252 768 305 828 sed
333 768 369 828 ad
392 769 554 828 Saturnalia
583 778 691 828 tantum
719 769 894 830 celebranda
922 790 985 830 cum
1013 772 1117 849 legatis
1138 772 1259 834 Romam

150 876 265 935 redisse
296 892 332 933 eo
362 884 467 952 pacto,
498 883 528 932 ut
549 875 603 934 nisi
625 876 736 935 interea
760 895 816 954 pax
836 895 851 935 a
874 876 1011 936 Romanis
1034 881 1259 940 constitueretur
1343 923 1348 934 .

149 983 177 1039 in
199 979 301 1055 Pyrrhi
321 990 416 1041 castra
432 991 659 1041 reuerterentur.
683 980 728 1041 Cf.
746 981 921 1042 Niebuhrius
936 985 1008 1048 Hist.
1025 984 1108 1045 Rom,
1127 984 1256 1047 111586.

150 1087 210 1146 Sed
238 1086 315 1145 idem
337 1085 495 1163 Dionysius
517 1088 608 1166 (Exc.
631 1087 726 1148 XVIII
749 1089 783 1166 7)
814 1097 843 1146 et
866 1088 914 1166 qui
938 1088 1017 1147 illum
1040 1097 1177 1149 secuntur
1197 1089 1257 1168 hp·

148 1194 252 1272 pianus
274 1193 348 1253 Exc.
370 1193 465 1254 Samn.
490 1203 519 1253 et
538 1194 725 1269 Plutarchus,
755 1194 783 1253 id
806 1193 883 1273 quod
906 1212 969 1252 cum
992 1193 1040 1254 illa
1063 1213 1095 1254 re
1119 1194 1258 1255 cohaeret

148 1301 293 1359 artissime
305 1343 313 1382 ,Ι
339 1309 408 1378 post
429 1301 540 1359 inritam
566 1301 679 1360 demum
702 1298 810 1359 Cineae
833 1299 1010 1375 legationem
1031 1300 1194 1360 Fabricium
1220 1301 1257 1360 de

145 1404 326 1465 redimendis
353 1407 476 1483 captiuis
506 1407 623 1465 missum
650 1424 717 1464 esse
748 1412 980 1465 commemorant.
1024 1406 1090 1466 Non
1112 1409 1180 1466 item
1198 1406 1255 1466 En-

146 1511 226 1583 nius,
256 1510 280 1567 si
308 1512 377 1587 qnid
405 1512 442 1571 de
467 1512 560 1572 Ennio
590 1513 659 1571 licet
684 1530 699 1570 e
720 1510 791 1569 Liuii
814 1513 951 1571 memoria
973 1513 1141 1590 conligere:
1170 1531 1256 1590 quem

146 1635 212 1676 oum
243 1616 384 1694 periocha
414 1616 482 1677 XIII
508 1627 567 1676 tum
593 1615 751 1696 Eutropius
779 1618 827 1696 (II
856 1616 914 1696 12)
943 1620 1119 1696 persuadent
1146 1617 1255 1679 Cineae

144 1723 325 1814 legationem
346 1723 438 1784 altera
453 1723 578 1784 Fabricii
600 1725 795 1802 posteriorem
816 1723 994 1791 exhibuisse,
1032 1725 1096 1785 Nec
1113 1726 1256 1802 denegata

145 1831 202 1888 iam
225 1846 241 1888 a
261 1828 398 1887 Romanis
419 1845 494 1905 pace
518 1826 657 1901 Pyrrhum
678 1830 820 1890 credibile
844 1837 889 1887 est
909 1828 1052 1891 dimisisse
1075 1832 1137 1890 sine
1159 1832 1254 1909 pretio

145 1935 296 2012 captiuos:
320 1942 420 1993 contra
443 1933 513 1993 illud
536 1933 621 1992 etiam
643 1936 801 2013 repudiatis
824 1931 933 1993 Cineae
954 1934 1166 1993 conditionibus
1188 1954 1253 2013 pru·

144 2040 225 2100 denti
254 2039 377 2099 consilio
405 2040 482 2115 egit,
512 2037 590 2116 quod
618 2037 740 2115 captiuis
769 2056 832 2097 cum
859 2040 997 2099 redeundi
1026 2041 1203 2098 necessitate
1226 2042 1254 2098 ni

143 2147 257 2205 interea
280 2164 338 2224 pax
360 2145 444 2204 lieret
471 2144 591 2204 Romam
613 2143 760 2220 prohcisci
783 2144 919 2222 permisit.
966 2142 1029 2215 Qua
1052 2162 1167 2202 recum
1190 2164 1253 2205 eam

143 2252 286 2313 redeundi
309 2251 504 2311 conditionem
525 2249 561 2310 ab
576 2250 669 2308 Ennio
692 2245 814 2304 alienam
837 2264 904 2305 esse
925 2257 954 2307 et
975 2266 1012 2305 ex
1032 2249 1103 2324 ipsis
1119 2250 1252 2308 uersibus

144 2356 247 2436 (XIII)
267 2357 424 2434 adpareat,
452 2367 481 2416 et
505 2356 647 2415 indicetur
669 2353 705 2413 ab
729 2370 765 2411 eo
797 2353 842 2410 cui
864 2353 1041 2413 luculentum
1062 2353 1252 2430 fragmentum

143 2461 302 2536 debemus,
327 2459 471 2522 Cicerone
493 2462 545 2540 (de
565 2462 615 2521 off.
639 2460 651 2519 I
674 2458 723 2535 12,
747 2457 802 2518 38:
824 2458 861 2518 cl.
880 2458 1054 2518 Niebuhrius
1074 2459 1145 2517 Ηίει.
1168 2458 1251 2518 Rom.

142 2565 302 2646 111586):
329 2568 396 2628 inde
419 2586 606 2647 consequens
637 2576 699 2641 est,
730 2573 760 2623 ut
783 2564 858 2642 apud
881 2564 1001 2623 Ennium
1025 2565 1051 2622 ei
1075 2565 1118 2623 rei
1140 2565 1252 2623 inritam

144 2671 254 2732 Cineae
280 2673 456 2750 legationem
479 2692 536 2734 non
563 2673 759 2732 antecessisse
782 2670 962 2729 arbitremur.
1006 2669 1147 2728 Liberatis
1166 2669 1253 2744 igitur

144 2779 268 2856 captiuis
292 2776 418 2853 Pyrrhus
445 2775 564 2837 Cineam
591 2786 755 2851 oratorem,
780 2793 838 2852 quo
867 2777 903 2834 de
932 2774 997 2833 uide
1026 2792 1100 2851 quae
1130 2776 1251 2850 egregie

143 2881 658 2944 NiebuhriusHist.Rom.111562
684 2881 822 2960 exponit,
849 2875 969 2934 Romam
996 2877 1072 2933 misit
1100 2874 1136 2933 de
1166 2892 1250 2951 pace.

144 2991 310 3065 Romanos,
338 3006 402 3049 cum
430 2990 485 3047 iam
515 2990 543 3046 in
572 3003 608 3044 eo
633 2996 732 3045 essent
754 2995 783 3045 ut
805 2993 882 3043 ratas
906 2980 1047 3040 haberent
1070 2980 1251 3040 conditiones

143 3097 265 3173 Pyrrhi,
296 3095 331 3155 ab
357 3112 393 3153 eo
424 3094 547 3152 consilio
576 3091 665 3169 Appii
688 3089 801 3150 Claudii
828 3086 920 3147 oratio
949 3085 1115 3143 reuocauit:
1149 3100 1165 3140 e
1194 3100 1250 3160 qua

144 3206 295 3278 oratione,
325 3201 405 3259 ouius
424 3199 554 3276 speciem
577 3194 809 3255 eNiebuhriano
830 3188 967 3266 exemplo
996 3187 1084 3264 (Hist.
1107 3187 1188 3246 Rom.
1210 3185 1251 3246 lll

143 3312 202 3370 571
228 3309 312 3386 sqq.)
334 3306 428 3364 animo
452 3303 619 3381 concipias,
652 3301 709 3360 duo
733 3307 843 3358 restant
864 3293 986 3356 lrustula
1008 3291 1136 3351 Enniana
1156 3290 1250 3368 (XIV.

142 3416 231 3494 XV):
254 3430 375 3492 quorum
393 3411 515 3470 alterum
534 3406 632 3484 (XIV)
656 3407 684 3463 in
705 3421 757 3462 sua
778 3403 866 3482 Appii
887 3401 1019 3459 oratione
1042 3396 1166 3456 reddidit
1182 3395 1250 3475 Nie-

143 3520 272 3582 buhrius.
318 3517 434 3590 Quare
454 3516 516 3573 sine
540 3531 614 3591 pace
637 3510 712 3570 redit
730 3517 829 3566 orator
852 3505 975 3584 (Cineas
996 3502 1072 3562 haud
1094 3499 1196 3578 dubie)
1220 3509 1250 3558 et

143 3629 207 3704 regi
230 3643 293 3685 rem
311 3623 403 3682 relert
422 3619 538 3698 (XVl):
559 3619 587 3676 in
609 3618 689 3676 cuius
708 3623 832 3674 mentem
854 3612 983 3689 adprime
1003 3607 1161 3667 conuenire
1182 3603 1250 3662 mihi

143 3735 223 3791 nisus
245 3740 291 3790 εει
310 3744 430 3787 uersus:
453 3734 498 3784 cst
518 3729 609 3781 animo
630 3729 766 3796 superant
787 3737 813 3776 e.
832 3735 860 3793 q.
880 3734 903 3777 ε.
927 3711 1051 3791 (XVII).
1094 3708 1131 3768 Ni
1150 3709 1249 3767 mirum

143 3836 291 3896 Romanos
314 3835 352 3893 ait
366 3829 473 3890 Cineas
496 3828 579 3907 primi
597 3825 700 3904 proelii
722 3823 914 3882 calamitatem
936 3833 1078 3895 spernere
1096 3815 1249 3891 animoque

145 3947 318 4020 superantes
346 3938 382 3997 ad
411 3934 618 4014 experiendam
650 3946 740 4009 porro
771 3927 841 3986 belli
869 3925 1011 3984 fortunam
1038 3920 1248 3997 propensiores

145 4064 234 4124 quam.
257 4044 295 4104 ad
323 4042 506 4121 pangendam
535 4055 637 4116 pacem
664 4053 741 4094 esse.
787 4030 840 4091 Cui
862 4028 963 4104 Pyrrhi
986 4022 1154 4103 Cineaeque
1180 4039 1247 4081 con-

146 4150 243 4227 loquio
266 4148 336 4207 licet
358 4148 485 4207 sortasse
509 4146 594 4205 etiam
616 4142 691 4201 hunc
712 4157 828 4198 uersum
849 4142 896 4212 qui
919 4139 1005 4194 cabod
1024 4152 1078 4190 iton
1102 4139 1142 4188 est
1162 4134 1249 4188 cicwr

145 4263 196 4315 nisi
220 4262 312 4316 uictsm
338 4258 444 4330 fatetur
472 4252 550 4328 (inc.
578 4249 641 4311 sed.
666 4244 797 4321 XXXV)
826 4239 1065 4311 adcommodare,
1104 4234 1165 4292 siue
1191 4231 1248 4294 hoc
