2834 4988
667 406 901 466 ANNALIVM

735 578 814 648 XIX
828 576 843 614 *

338 702 479 788 Quintus
497 705 591 793 pater
609 702 759 791 quartum
782 698 819 767 fit
839 697 956 766 consul

739 846 804 916 XX
818 844 833 882 *

336 1019 594 1035 .....
649 966 690 1036 de
710 964 812 1037 muris
830 987 900 1036 rem
919 965 1005 1057 gerit
1024 961 1165 1057 Opscus.

732 1112 811 1182 XXI
825 1112 840 1147 *

247 1240 309 1302 295
336 1229 388 1302 Ob
408 1231 545 1301 Romam
567 1233 665 1300 noctu
684 1230 836 1323 legiones
855 1231 976 1300 ducere
998 1231 1115 1321 coepit.

723 1375 816 1446 XXII
830 1373 845 1411 *

336 1494 491 1565 Summus
510 1493 553 1563 ibi
571 1493 698 1586 capiIur
715 1493 864 1563 meddin:
892 1494 1051 1565 occiditur
1069 1496 1160 1565 alter.

735 1640 842 1711 XXIII

397 1813 404 1828 .
458 1761 562 1830 multa
580 1759 650 1828 dies
671 1759 704 1828 in
724 1760 810 1843 bello
829 1760 960 1830 conficit
980 1783 1083 1830 uuus:

334 1865 375 1934 Et
394 1885 511 1932 rursus
530 1863 651 1933 multae
673 1865 824 1933 fortunae
843 1864 927 1932 forte
949 1864 1155 1934 recumbunt:

334 1967 599 2061 Haudquaquam
621 1989 817 2062 quemquam
837 1988 968 2059 semper
988 1968 1121 2037 fortuna
1139 1971 1253 2038 secuta
1271 1971 1330 2041 est.

232 2175 387 2220 ‘occasus
407 2170 524 2219 interitus
602 2185 652 2232 quo
670 2170 795 2221 uocabulo
808 2170 905 2219 Ennius
924 2175 963 2218 est
980 2183 1042 2217 usus
1060 2169 1086 2217 iu
1100 2167 1144 2216 lib.
1160 2170 1193 2217 ll:
1217 2167 1264 2234 [IV
1277 2169 1308 2218 fr.
1322 2170 1342 2234 l]

233 2241 331 2290 itemin
347 2240 411 2288 IV:
432 2237 465 2304 [I]
490 2240 550 2289 item
565 2240 591 2288 iu
606 2239 761 2288 I.VIII...'
832 2238 894 2288 XIX
908 2237 1056 2288 Gelliule
1072 2238 1166 2287 ‘uerba
1179 2238 1345 2289 M.Varrouis

234 2326 266 2360 ex
282 2310 347 2358 libro
366 2309 561 2374 disprIinarum
574 2310 661 2371 quinto
674 2309 739 2359 haee
750 2315 822 2359 suut:
848 2309 918 2358 aliud
937 2315 975 2357 est
995 2312 1112 2369 quarto
1128 2315 1270 2372 praetorem
1290 2309 1344 2359 lieri
1402 2312 1408 2318 ’

232 2388 257 2430 et
278 2385 442 2442 quartum:
468 2379 537 2441 quod
550 2387 639 2441 quarto
653 2379 736 2428 locum
750 2378 912 2444 adsignificat
925 2393 954 2425 ac
967 2384 1019 2426 tres
1034 2385 1092 2426 ante
1107 2376 1203 2437 iactos3
1228 2386 1343 2441 quartum

232 2457 334 2514 tempus
356 2448 518 2514 adsignificat
535 2457 559 2497 et
577 2456 616 2498 ter
634 2456 692 2498 ante
710 2447 813 2497 laetum.
847 2449 927 2514 Igitur
939 2448 1036 2496 Ennius
1059 2454 1126 2496 recte
1141 2448 1209 2510 quod
1226 2450 1343 2514 scrIpsit:

233 2518 353 2578 Quintus’
368 2533 455 2580 e.q.s.
472 2518 614 2584 (Ennius
626 2525 713 2567 recte
724 2518 808 2580 quod
821 2518 960 2582 scripsit
972 2515 1118 2583 bisLugd.)
1132 2517 1269 2584 Noniusp.
1282 2517 1344 2580 435,

232 2587 265 2638 13
283 2592 446 2651 ‘quartum
462 2594 486 2637 et
500 2596 615 2650 quarto
634 2587 772 2653 prudentes
785 2586 887 2636 ditione
898 2587 1025 2636 dixerunt.
1052 2587 1133 2636 Varro
1150 2586 1344 2654 disciplinarum

232 2659 334 2721 quinto:
353 2657 424 2706 alind
438 2665 476 2706 est
489 2663 578 2719 quarto
591 2666 734 2722 praetorem
749 2655 803 2706 fleri
816 2657 886 2707 aliud
900 2658 1045 2719 quartnm':
1064 2655 1176 2722 (alind
1192 2666 1344 2720 quartum

232 2743 283 2778 om.
306 2724 395 2790 Laid.)
419 2729 460 2776 ‘et
478 2728 609 2790 quartum’
634 2728 772 2792 (quarto
792 2724 881 2790 Leid.)
909 2726 1006 2775 ‘Iocum
1025 2725 1154 2791 significat
1171 2734 1195 2776 et
1214 2734 1266 2777 tres
1287 2735 1345 2779 ante

233 2797 314 2847 iactos
322 2833 329 2857 ,
353 2803 442 2860 quarto
459 2794 561 2862 tempus
575 2797 703 2862 significat
714 2803 740 2846 et
753 2803 792 2858 ter
806 2804 863 2846 aute
878 2796 981 2846 Iactum.
1009 2797 1106 2846 Ennius
1119 2804 1199 2846 recte:
1222 2796 1342 2856 Quintus'
1398 2825 1406 2839 ·

232 2884 255 2917 e.
276 2882 301 2930 q.
325 2881 347 2915 s.
383 2866 448 2915 Huio
472 2865 536 2916 libro
555 2866 652 2916 Merula
672 2866 778 2916 ascribit
799 2881 856 2916 cnm
878 2866 960 2916 tribus
986 2865 1112 2931 proximis
1182 2864 1232 2916 XX
1255 2868 1344 2917 Festus

232 2952 259 3002 p.
269 2935 359 2987 raam.
381 2934 495 2986 ‘Oscos
508 2951 572 2999 quos
581 2936 690 2987 dicimus
700 2937 736 2986 ait
745 2937 851 2986 Verrius
861 2935 987 3002 Opscos
1001 2943 1076 2985 autea
1089 2935 1171 2985 dictos
1184 2942 1248 2986 teste
1261 2937 1344 2988 Ennio

232 3021 308 3070 quom
323 3005 404 3056 dicat:
429 3006 478 3056 de'
502 3022 525 3056 e.
540 3022 564 3069 q.
580 3022 601 3057 s.
672 3005 735 3056 XXI
751 3006 846 3056 Paulus
865 3006 932 3056 Festi
945 3020 971 3070 p.
990 3003 1038 3055 179
1052 3005 1086 3054 Μ.
1113 3005 1167 3054 ‘ob
1187 3008 1344 3072 praepositio

305 3091 352 3143 pro
369 3076 418 3135 ad,
438 3075 588 3126 utlinnins:
617 3076 666 3125 ob'
686 3093 708 3126 e.
732 3092 757 3139 q.
777 3092 798 3126 s,
827 3077 915 3126 Festus
931 3091 957 3140 p.
974 3073 1023 3139 178
1037 3074 1070 3124 Μ.
1090 3075 1163 3142 (post
1176 3090 1295 3141 magnam
1307 3077 1344 3126 la·
1392 3120 1395 3124 .

232 3144 338 3210 cunam)
363 3146 484 3195 ‘Romam
503 3160 551 3196 uoc
567 3181 797 3195 ...............
822 3146 854 3196 ob
868 3146 972 3195 Troiam
992 3145 1084 3195 duxit'
1119 3144 1190 3193 Idem
1203 3161 1230 3210 p.
1246 3143 1296 3197 100
1309 3147 1342 3196 M.

232 3216 463 3282 ‘praepositionem
478 3216 516 3265 ob
529 3231 576 3281 pro
589 3215 622 3266 ad
636 3216 737 3266 solitam
751 3216 812 3282 poni
827 3216 900 3266 testis
913 3214 957 3264 hio
970 3228 1060 3264 uersus
1129 3220 1153 3263 et
1166 3214 1277 3264 Ennius:
1297 3217 1342 3266 ob'

231 3304 254 3337 e.
269 3302 294 3349 q.
310 3302 331 3337 s.
369 3286 463 3336 Paulus
475 3301 501 3351 p.
517 3285 566 3336 147
579 3285 613 3335 Μ.
644 3287 651 3313 ‘
659 3292 765 3336 mortem
779 3285 865 3336 obisse
878 3285 988 3335 dicimus
1001 3299 1032 3334 ea
1044 3284 1226 3334 cousuetudIne
1240 3300 1290 3347 qua
1304 3286 1344 3335 di-

231 3363 323 3406 xeruut
345 3356 442 3418 antiqui
464 3355 500 3404 ob
519 3356 648 3405 Itomam
673 3355 828 3421 legiones
849 3356 963 3406 ductas
989 3362 1013 3403 et
1034 3353 1073 3403 ob
1095 3354 1224 3402 Romam
1245 3354 1344 3404 duxit

231 3425 434 3475 exercitum!
504 3424 579 3475 XXII
600 3424 694 3475 Paulus
712 3425 780 3475 Festi
795 3440 822 3489 p.
837 3424 885 3478 123
894 3425 928 3473 M.
954 3423 1101 3473 ‘meddix
1119 3423 1189 3489 apud
1201 3422 1280 3474 Oscos
1298 3438 1344 3474 no-

231 3509 288 3544 men
303 3495 466 3559 meginratus
481 3500 528 3544 est.
555 3495 666 3544 Ennius:
680 3494 808 3544 summus·
823 3511 845 3544 e.
860 3510 885 3557 q.
900 3510 921 3544 s.
950 3492 1073 3542 Thesaur.
1088 3506 1147 3542 nou.
1161 3492 1217 3541 Lat.
1231 3492 1277 3560 (Α.
1292 3493 1344 3543 Mai

231 3569 298 3616 auct.
312 3563 389 3613 class.
403 3563 464 3613 VIII
480 3560 545 3626 360)
564 3563 709 3613 ‘meddis
722 3564 900 3628 magistratus,
920 3562 1102 3612 didascalatus.
1138 3561 1280 3613 Caecilius:
1299 3562 1344 3612 ubi

230 3634 361 3685 sommus’
389 3648 413 3683 e.
427 3648 451 3695 q.
467 3648 488 3682 s.
560 3631 646 3681 XXIII
665 3632 809 3682 Macrobius
824 3632 878 3682 Sat.
893 3634 961 3683 Vl2
981 3648 1006 3698 p.
1024 3632 1076 3683 510
1088 3632 1145 3682 Ian.
1174 3632 1268 3683 ‘multa
1288 3632 1345 3683 dies

272 3811 325 3866 293
347 3807 479 3875 Quiutus]
503 3807 629 3877 quintum
655 3803 733 3861 Leia
838 3810 891 3867 296
917 3807 963 3862 ubi
985 3824 1111 3862 summus
1136 3806 1272 3863 Thasum.
1304 3806 1344 3880 cf.

230 3891 370 3965 Berplu'us
385 3890 449 3947 Iud.
466 3892 526 3947 tect.
541 3889 635 3946 Mori).
650 3876 718 3945 uest.
734 3895 803 3951 1844
815 3908 849 3965 p.
864 3889 919 3947 III
925 3935 932 3958 ‚
954 3891 1001 3947 ulii
1014 3897 1104 3947 tomen
1127 3894 1255 3948 ‘triticum
1268 3893 1344 3948 med-

229 3977 332 4033 dicem'
357 3990 437 4049 quem
446 3978 532 4047 poeta
552 3977 718 4031 ‘summum’
743 3977 807 4032 dicit
817 3993 922 4050 porum
932 3982 1006 4032 recu
1019 3978 1161 4048 explicuit.
1187 3976 1283 4043 Quode
1297 3977 1347 4034 adi

232 4062 283 4118 ΤΙι.
297 4061 497 4118 Mommsenum
513 4060 547 4116 de
561 4060 683 4115 dialectis
697 4059 762 4117 Ital.
777 4060 831 4132 inf.
844 4078 876 4132 p.
890 4065 954 4121 aot.
979 4061 1014 4117 cle
1030 4061 1153 4117 meddice
1166 4062 1237 4117 idem
1246 4078 1279 4132 p.
1290 4064 1345 4120 ris

228 4153 254 4202 et
268 4145 475 4203 Scltoemonnus
489 4142 552 4200 Iud.
569 4144 655 4200 schol.
675 4145 831 4219 Gryphism.
846 4151 913 4201 uest.
932 4151 1001 4206 1840
1107 4146 1174 4201 Post
1197 4149 1249 4205 297
1263 4135 1347 4200 eaeci-¹

227 4233 300 4288 dure
313 4230 480 4289 uersiculum
493 4231 620 4303 suspicor
726 4234 778 4291 299
798 4246 966 4302 quemquam
987 4248 1041 4287 om.
1055 4231 1163 4304 duplic.
1178 4230 1248 4285 Par.
1264 4226 1343 4286 Mea.

226 4317 317 4393 Neap.
