<?xml version="1.0" encoding="UTF-8"?>
<!DOCTYPE html PUBLIC "-//W3C//DTD XHTML 1.0 Transitional//EN"
    "http://www.w3.org/TR/xhtml1/DTD/xhtml1-transitional.dtd">
<html xmlns="http://www.w3.org/1999/xhtml" xml:lang="en" lang="en">
 <head>
  <title>
</title>
<meta http-equiv="Content-Type" content="text/html;charset=utf-8" />
  <meta name='ocr-system' content='tesseract 3.04.00' />
  <meta name='ocr-capabilities' content='ocr_page ocr_carea ocr_par ocr_line ocrx_word'/>
</head>
<body>
  <div class='ocr_page' id='page_1' title='image "./ennicanpoesisre00ennigoog_0262.png"; bbox 0 0 2834 4988; ppageno 0'>
   <div class='ocr_carea' id='block_1_1' title="bbox 20 397 1200 507">
    <p class='ocr_par' dir='ltr' id='par_1_1' title="bbox 20 397 1200 507">
     <span class='ocr_line' id='line_1_1' title="bbox 20 397 1200 507; baseline -0.005 -41"><span class='ocrx_word' id='word_1_1' title='bbox 20 420 65 507; x_wconf 51' lang='lat' dir='ltr'>a„</span> <span class='ocrx_word' id='word_1_2' title='bbox 142 400 150 415; x_wconf 77' lang='lat'><em>¹</em></span> <span class='ocrx_word' id='word_1_3' title='bbox 522 409 762 479; x_wconf 79' lang='lat' dir='ltr'>nuurovrna</span> <span class='ocrx_word' id='word_1_4' title='bbox 868 444 874 455; x_wconf 86' lang='lat'>.</span> <span class='ocrx_word' id='word_1_5' title='bbox 1137 397 1200 463; x_wconf 81' lang='lat'>159</span> 
     </span>
    </p>
   </div>
   <div class='ocr_carea' id='block_1_2' title="bbox 10 528 1100 870">
    <p class='ocr_par' dir='ltr' id='par_1_2' title="bbox 10 528 1100 870">
     <span class='ocr_line' id='line_1_2' title="bbox 17 528 1100 664; baseline -0.006 -14"><span class='ocrx_word' id='word_1_6' title='bbox 17 528 64 619; x_wconf 46' lang='grc' dir='ltr'>’ἦ</span> <span class='ocrx_word' id='word_1_7' title='bbox 191 580 299 664; x_wconf 73' lang='lat' dir='ltr'>ouem</span> <span class='ocrx_word' id='word_1_8' title='bbox 322 581 495 662; x_wconf 69' lang='lat' dir='ltr'>frustras,</span> <span class='ocrx_word' id='word_1_9' title='bbox 524 576 853 647; x_wconf 69' lang='lat' dir='ltr'>alsemannum</span> <span class='ocrx_word' id='word_1_10' title='bbox 874 576 1100 646; x_wconf 72' lang='lat' dir='ltr'>rmstraesse.</span> 
     </span>
     <span class='ocr_line' id='line_1_3' title="bbox 10 664 1053 775; baseline -0.006 -20"><span class='ocrx_word' id='word_1_11' title='bbox 10 664 62 733; x_wconf 61' lang='lat' dir='ltr'>l*</span> <span class='ocrx_word' id='word_1_12' title='bbox 189 685 271 754; x_wconf 75' lang='lat' dir='ltr'>Nam</span> <span class='ocrx_word' id='word_1_13' title='bbox 294 683 349 775; x_wconf 86' lang='lat' dir='ltr'>qui</span> <span class='ocrx_word' id='word_1_14' title='bbox 372 705 409 752; x_wconf 91' lang='lat' dir='ltr'>se</span> <span class='ocrx_word' id='word_1_15' title='bbox 429 681 580 751; x_wconf 81' lang='lat' dir='ltr'>frustrari</span> <span class='ocrx_word' id='word_1_16' title='bbox 602 680 700 772; x_wconf 90' lang='lat' dir='ltr'>que&#39;m</span> <span class='ocrx_word' id='word_1_17' title='bbox 719 681 862 749; x_wconf 80' lang='lat' dir='ltr'><strong>frustras</strong></span> <span class='ocrx_word' id='word_1_18' title='bbox 881 681 990 763; x_wconf 80' lang='lat' dir='ltr'>sentit,</span> <span class='ocrx_word' id='word_1_19' title='bbox 1050 770 1053 775; x_wconf 70' lang='lat'>‚</span> 
     </span>
     <span class='ocr_line' id='line_1_4' title="bbox 119 782 1090 870; baseline -0.005 -14"><span class='ocrx_word' id='word_1_20' title='bbox 119 797 160 857; x_wconf 83' lang='lat'>35</span> <span class='ocrx_word' id='word_1_21' title='bbox 190 786 255 870; x_wconf 79' lang='lat' dir='ltr'>Oui</span> <span class='ocrx_word' id='word_1_22' title='bbox 274 785 452 855; x_wconf 82' lang='lat' dir='ltr'>frustratur</span> <span class='ocrx_word' id='word_1_23' title='bbox 472 786 645 868; x_wconf 84' lang='lat' dir='ltr'>trustrast‚</span> <span class='ocrx_word' id='word_1_24' title='bbox 673 783 704 852; x_wconf 90' lang='lat' dir='ltr'>si</span> <span class='ocrx_word' id='word_1_25' title='bbox 724 783 779 852; x_wconf 92' lang='lat' dir='ltr'>ille</span> <span class='ocrx_word' id='word_1_26' title='bbox 802 806 868 853; x_wconf 94' lang='lat' dir='ltr'>non</span> <span class='ocrx_word' id='word_1_27' title='bbox 888 787 939 853; x_wconf 93' lang='lat' dir='ltr'>est</span> <span class='ocrx_word' id='word_1_28' title='bbox 958 782 1090 852; x_wconf 82' lang='lat' dir='ltr'>inistra.</span> 
     </span>
    </p>
   </div>
   <div class='ocr_carea' id='block_1_3' title="bbox 630 918 657 988">
    <p class='ocr_par' dir='ltr' id='par_1_3' title="bbox 630 918 657 988">
     <span class='ocr_line' id='line_1_5' title="bbox 630 918 657 988; baseline 0 0"><span class='ocrx_word' id='word_1_29' title='bbox 630 918 657 988; x_wconf 88' lang='grc' dir='ltr'>Π</span> 
     </span>
    </p>
   </div>
   <div class='ocr_carea' id='block_1_4' title="bbox 190 1035 1024 1123">
    <p class='ocr_par' dir='ltr' id='par_1_4' title="bbox 190 1035 1024 1123">
     <span class='ocr_line' id='line_1_6' title="bbox 190 1035 1024 1123; baseline -0.005 -15"><span class='ocrx_word' id='word_1_30' title='bbox 190 1040 298 1108; x_wconf 89' lang='lat' dir='ltr'>Meum</span> <span class='ocrx_word' id='word_1_31' title='bbox 320 1037 388 1107; x_wconf 80' lang='lat' dir='ltr'>non</span> <span class='ocrx_word' id='word_1_32' title='bbox 408 1041 476 1123; x_wconf 87' lang='lat' dir='ltr'>est,</span> <span class='ocrx_word' id='word_1_33' title='bbox 503 1037 593 1107; x_wconf 91' lang='lat' dir='ltr'>acsi</span> <span class='ocrx_word' id='word_1_34' title='bbox 616 1036 669 1107; x_wconf 79' lang='lat' dir='ltr'>me</span> <span class='ocrx_word' id='word_1_35' title='bbox 692 1035 783 1106; x_wconf 90' lang='lat' dir='ltr'>canis</span> <span class='ocrx_word' id='word_1_36' title='bbox 805 1035 1024 1106; x_wconf 79' lang='lat' dir='ltr'>momorderit.</span> 
     </span>
    </p>
   </div>
   <div class='ocr_carea' id='block_1_5' title="bbox 624 1174 667 1244">
    <p class='ocr_par' dir='ltr' id='par_1_5' title="bbox 624 1174 667 1244">
     <span class='ocr_line' id='line_1_7' title="bbox 624 1174 667 1244; baseline 0 0"><span class='ocrx_word' id='word_1_37' title='bbox 624 1174 667 1244; x_wconf 93' lang='lat' dir='ltr'>lll</span> 
     </span>
    </p>
   </div>
   <div class='ocr_carea' id='block_1_6' title="bbox 86 1286 1199 1689">
    <p class='ocr_par' dir='ltr' id='par_1_6' title="bbox 86 1286 1199 1689">
     <span class='ocr_line' id='line_1_8' title="bbox 191 1286 1199 1383; baseline 0 -27"><span class='ocrx_word' id='word_1_38' title='bbox 191 1288 411 1372; x_wconf 76' lang='lat' dir='ltr'>Quintilianus</span> <span class='ocrx_word' id='word_1_39' title='bbox 433 1290 478 1360; x_wconf 90' lang='lat' dir='ltr'>lX</span> <span class='ocrx_word' id='word_1_40' title='bbox 502 1299 531 1374; x_wconf 83' lang='lat'>2,</span> <span class='ocrx_word' id='word_1_41' title='bbox 556 1298 597 1360; x_wconf 88' lang='grc'>36</span> <span class='ocrx_word' id='word_1_42' title='bbox 626 1290 704 1359; x_wconf 90' lang='lat' dir='ltr'>‘sed</span> <span class='ocrx_word' id='word_1_43' title='bbox 733 1290 858 1360; x_wconf 86' lang='lat' dir='ltr'>formas</span> <span class='ocrx_word' id='word_1_44' title='bbox 885 1311 1017 1383; x_wconf 85' lang='lat' dir='ltr'>quoque</span> <span class='ocrx_word' id='word_1_45' title='bbox 1041 1286 1199 1379; x_wconf 82' lang='lat' dir='ltr'>fingimus</span> 
     </span>
     <span class='ocr_line' id='line_1_9' title="bbox 87 1392 1117 1485; baseline 0 -27"><span class='ocrx_word' id='word_1_46' title='bbox 87 1412 189 1481; x_wconf 83' lang='lat' dir='ltr'>saepe</span> <span class='ocrx_word' id='word_1_47' title='bbox 210 1398 245 1460; x_wconf 92' lang='lat' dir='ltr'>ut</span> <span class='ocrx_word' id='word_1_48' title='bbox 265 1395 385 1462; x_wconf 83' lang='lat' dir='ltr'>famam</span> <span class='ocrx_word' id='word_1_49' title='bbox 403 1392 592 1484; x_wconf 85' lang='lat' dir='ltr'>Vergilius,</span> <span class='ocrx_word' id='word_1_50' title='bbox 620 1396 657 1462; x_wconf 92' lang='lat' dir='ltr'>ut</span> <span class='ocrx_word' id='word_1_51' title='bbox 678 1395 884 1485; x_wconf 90' lang='lat' dir='ltr'>uoluptatem</span> <span class='ocrx_word' id='word_1_52' title='bbox 905 1416 943 1462; x_wconf 92' lang='lat' dir='ltr'>ac</span> <span class='ocrx_word' id='word_1_53' title='bbox 964 1392 1117 1461; x_wconf 90' lang='lat' dir='ltr'>uirtutem</span> 
     </span>
     <span class='ocr_line' id='line_1_10' title="bbox 87 1493 1199 1589; baseline 0.001 -28"><span class='ocrx_word' id='word_1_54' title='bbox 87 1493 257 1578; x_wconf 83' lang='lat' dir='ltr'>Prodicus,</span> <span class='ocrx_word' id='word_1_55' title='bbox 279 1500 313 1565; x_wconf 91' lang='lat' dir='ltr'>ut</span> <span class='ocrx_word' id='word_1_56' title='bbox 326 1502 497 1565; x_wconf 90' lang='lat' dir='ltr'>mortem</span> <span class='ocrx_word' id='word_1_57' title='bbox 513 1518 557 1565; x_wconf 89' lang='lat' dir='ltr'>ac</span> <span class='ocrx_word' id='word_1_58' title='bbox 575 1495 716 1579; x_wconf 85' lang='lat' dir='ltr'>uitam,</span> <span class='ocrx_word' id='word_1_59' title='bbox 732 1519 815 1589; x_wconf 88' lang='lat' dir='ltr'>quas</span> <span class='ocrx_word' id='word_1_60' title='bbox 831 1496 1068 1567; x_wconf 73' lang='lat' dir='ltr'><strong>contendentes</strong></span> <span class='ocrx_word' id='word_1_61' title='bbox 1084 1494 1199 1582; x_wconf 85' lang='lat' dir='ltr'>(eon-</span> 
     </span>
     <span class='ocr_line' id='line_1_11' title="bbox 86 1597 1132 1689; baseline 0.002 -25"><span class='ocrx_word' id='word_1_62' title='bbox 86 1599 325 1669; x_wconf 90' lang='lat' dir='ltr'>sentientes</span> <span class='ocrx_word' id='word_1_63' title='bbox 346 1600 423 1669; x_wconf 88' lang='lat' dir='ltr'>Tur.</span> <span class='ocrx_word' id='word_1_64' title='bbox 447 1599 561 1668; x_wconf 85' lang='lat' dir='ltr'>Ambr.</span> <span class='ocrx_word' id='word_1_65' title='bbox 585 1599 657 1689; x_wconf 90' lang='lat' dir='ltr'>ab)</span> <span class='ocrx_word' id='word_1_66' title='bbox 681 1599 713 1668; x_wconf 93' lang='lat' dir='ltr'>in</span> <span class='ocrx_word' id='word_1_67' title='bbox 736 1604 849 1669; x_wconf 91' lang='lat' dir='ltr'>satura</span> <span class='ocrx_word' id='word_1_68' title='bbox 870 1601 969 1669; x_wconf 84' lang='lat' dir='ltr'>tradit</span> <span class='ocrx_word' id='word_1_69' title='bbox 987 1597 1132 1668; x_wconf 64' lang='lat' dir='ltr'>Ennius!</span> 
     </span>
    </p>
   </div>
   <div class='ocr_carea' id='block_1_7' title="bbox 87 1734 1200 2048">
    <p class='ocr_par' dir='ltr' id='par_1_7' title="bbox 87 1734 1200 2048">
     <span class='ocr_line' id='line_1_12' title="bbox 619 1734 667 1804; baseline -0.042 0"><span class='ocrx_word' id='word_1_70' title='bbox 619 1734 667 1804; x_wconf 92' lang='lat' dir='ltr'>lV</span> 
     </span>
     <span class='ocr_line' id='line_1_13' title="bbox 189 1851 1199 1949; baseline -0.001 -30"><span class='ocrx_word' id='word_1_71' title='bbox 189 1851 316 1922; x_wconf 89' lang='lat' dir='ltr'>Gellius</span> <span class='ocrx_word' id='word_1_72' title='bbox 333 1853 360 1949; x_wconf 84' lang='grc' dir='ltr'>ῌ</span> <span class='ocrx_word' id='word_1_73' title='bbox 377 1862 417 1924; x_wconf 80' lang='lat'>29</span> <span class='ocrx_word' id='word_1_74' title='bbox 446 1853 609 1938; x_wconf 89' lang='lat' dir='ltr'>‘auicula,</span> <span class='ocrx_word' id='word_1_75' title='bbox 632 1852 749 1945; x_wconf 90' lang='lat' dir='ltr'>inquit‘</span> <span class='ocrx_word' id='word_1_76' title='bbox 771 1851 977 1942; x_wconf 80' lang='lat' dir='ltr'>(Aesopus),</span> <span class='ocrx_word' id='word_1_77' title='bbox 1001 1853 1070 1919; x_wconf 85' lang='lat' dir='ltr'>‘est</span> <span class='ocrx_word' id='word_1_78' title='bbox 1084 1872 1199 1941; x_wconf 75' lang='lat' dir='ltr'>parua,</span> 
     </span>
     <span class='ocr_line' id='line_1_14' title="bbox 87 1954 1200 2048; baseline 0.003 -28"><span class='ocrx_word' id='word_1_79' title='bbox 87 1974 206 2022; x_wconf 92' lang='lat' dir='ltr'>nomen</span> <span class='ocrx_word' id='word_1_80' title='bbox 229 1960 279 2024; x_wconf 91' lang='lat' dir='ltr'>est</span> <span class='ocrx_word' id='word_1_81' title='bbox 300 1957 431 2026; x_wconf 84' lang='lat' dir='ltr'>cassita.</span> <span class='ocrx_word' id='word_1_82' title='bbox 481 1955 615 2026; x_wconf 90' lang='lat' dir='ltr'>Habitat</span> <span class='ocrx_word' id='word_1_83' title='bbox 640 1956 873 2048; x_wconf 82' lang='lat' dir='ltr'>nidulaturque</span> <span class='ocrx_word' id='word_1_84' title='bbox 893 1955 926 2023; x_wconf 91' lang='lat' dir='ltr'>in</span> <span class='ocrx_word' id='word_1_85' title='bbox 950 1954 1139 2045; x_wconf 86' lang='lat' dir='ltr'>segetibus,</span> <span class='ocrx_word' id='word_1_86' title='bbox 1167 1954 1200 2023; x_wconf 97' lang='lat' dir='ltr'>id</span> 
     </span>
    </p>
   </div>
   <div class='ocr_carea' id='block_1_8' title="bbox 86 2057 1201 2253">
    <p class='ocr_par' dir='ltr' id='par_1_8' title="bbox 86 2057 1201 2253">
     <span class='ocr_line' id='line_1_15' title="bbox 86 2057 1201 2151; baseline 0 -27"><span class='ocrx_word' id='word_1_87' title='bbox 86 2058 189 2126; x_wconf 86' lang='lat' dir='ltr'>ferme</span> <span class='ocrx_word' id='word_1_88' title='bbox 207 2060 382 2149; x_wconf 91' lang='lat' dir='ltr'>temporis,</span> <span class='ocrx_word' id='word_1_89' title='bbox 405 2063 442 2128; x_wconf 94' lang='lat' dir='ltr'>ut</span> <span class='ocrx_word' id='word_1_90' title='bbox 465 2062 598 2151; x_wconf 89' lang='lat' dir='ltr'>appetat</span> <span class='ocrx_word' id='word_1_91' title='bbox 618 2059 738 2129; x_wconf 91' lang='lat' dir='ltr'>messis</span> <span class='ocrx_word' id='word_1_92' title='bbox 761 2058 861 2150; x_wconf 87' lang='lat' dir='ltr'>pullis</span> <span class='ocrx_word' id='word_1_93' title='bbox 878 2058 942 2126; x_wconf 91' lang='lat' dir='ltr'>iarn</span> <span class='ocrx_word' id='word_1_94' title='bbox 961 2057 1025 2125; x_wconf 91' lang='lat' dir='ltr'>iam</span> <span class='ocrx_word' id='word_1_95' title='bbox 1045 2057 1201 2146; x_wconf 90' lang='lat' dir='ltr'>pluman-</span> 
     </span>
     <span class='ocr_line' id='line_1_16' title="bbox 86 2158 1201 2253; baseline 0.002 -27"><span class='ocrx_word' id='word_1_96' title='bbox 86 2158 184 2228; x_wconf 90' lang='lat' dir='ltr'>tibus.</span> <span class='ocrx_word' id='word_1_97' title='bbox 225 2161 274 2231; x_wconf 86' lang='lat' dir='ltr'>Ea</span> <span class='ocrx_word' id='word_1_98' title='bbox 294 2163 418 2232; x_wconf 86' lang='lat' dir='ltr'>cassita</span> <span class='ocrx_word' id='word_1_99' title='bbox 440 2162 474 2231; x_wconf 93' lang='lat' dir='ltr'>in</span> <span class='ocrx_word' id='word_1_100' title='bbox 496 2166 661 2233; x_wconf 86' lang='lat' dir='ltr'>sementes</span> <span class='ocrx_word' id='word_1_101' title='bbox 683 2163 769 2231; x_wconf 87' lang='lat' dir='ltr'>forte</span> <span class='ocrx_word' id='word_1_102' title='bbox 790 2162 1009 2253; x_wconf 83' lang='lat' dir='ltr'>congesserat</span> <span class='ocrx_word' id='word_1_103' title='bbox 1026 2160 1201 2251; x_wconf 91' lang='lat' dir='ltr'>tempesti-</span> 
     </span>
    </p>
   </div>
   <div class='ocr_carea' id='block_1_9' title="bbox 86 2361 1201 2781">
    <p class='ocr_par' dir='ltr' id='par_1_9' title="bbox 86 2361 1201 2781">
     <span class='ocr_line' id='line_1_17' title="bbox 87 2361 1201 2429; baseline 0.004 -22"><span class='ocrx_word' id='word_1_104' title='bbox 87 2361 150 2408; x_wconf 88' lang='lat' dir='ltr'>mini</span> <span class='ocrx_word' id='word_1_105' title='bbox 170 2376 275 2410; x_wconf 87' lang='lat' dir='ltr'>numero</span> <span class='ocrx_word' id='word_1_106' title='bbox 289 2370 404 2428; x_wconf 87' lang='lat' dir='ltr'>septem,</span> <span class='ocrx_word' id='word_1_107' title='bbox 424 2379 531 2425; x_wconf 90' lang='lat' dir='ltr'>quorum</span> <span class='ocrx_word' id='word_1_108' title='bbox 546 2366 631 2429; x_wconf 87' lang='lat' dir='ltr'>prima</span> <span class='ocrx_word' id='word_1_109' title='bbox 644 2365 693 2414; x_wconf 77' lang='lat' dir='ltr'>mii</span> <span class='ocrx_word' id='word_1_110' title='bbox 707 2364 833 2414; x_wconf 82' lang='lat' dir='ltr'>enarratio</span> <span class='ocrx_word' id='word_1_111' title='bbox 847 2362 938 2411; x_wconf 88' lang='lat' dir='ltr'>horum</span> <span class='ocrx_word' id='word_1_112' title='bbox 951 2375 1071 2410; x_wconf 88' lang='lat' dir='ltr'>uersuum</span> <span class='ocrx_word' id='word_1_113' title='bbox 1087 2362 1201 2425; x_wconf 86' lang='lat' dir='ltr'>quisunt</span> 
     </span>
     <span class='ocr_line' id='line_1_18' title="bbox 88 2429 1200 2501; baseline 0.004 -25"><span class='ocrx_word' id='word_1_114' title='bbox 88 2429 113 2477; x_wconf 92' lang='lat' dir='ltr'>iu</span> <span class='ocrx_word' id='word_1_115' title='bbox 127 2431 220 2479; x_wconf 86' lang='lat' dir='ltr'>saturis</span> <span class='ocrx_word' id='word_1_116' title='bbox 235 2430 320 2489; x_wconf 86' lang='lat' dir='ltr'>Quinti</span> <span class='ocrx_word' id='word_1_117' title='bbox 334 2433 425 2482; x_wconf 87' lang='lat' dir='ltr'>Ennii’</span> <span class='ocrx_word' id='word_1_118' title='bbox 444 2433 592 2500; x_wconf 88' lang='lat' dir='ltr'>(saturis</span> <span class='ocrx_word' id='word_1_119' title='bbox 605 2434 689 2501; x_wconf 79' lang='lat' dir='ltr'>Lugd.</span> <span class='ocrx_word' id='word_1_120' title='bbox 704 2434 826 2500; x_wconf 81' lang='lat' dir='ltr'>llagliab.</span> <span class='ocrx_word' id='word_1_121' title='bbox 843 2432 961 2480; x_wconf 85' lang='lat' dir='ltr'>satiris</span> <span class='ocrx_word' id='word_1_122' title='bbox 974 2432 1051 2481; x_wconf 82' lang='lat' dir='ltr'>ceteri</span> <span class='ocrx_word' id='word_1_123' title='bbox 1105 2433 1200 2495; x_wconf 90' lang='lat' dir='ltr'>quin-</span> 
     </span>
     <span class='ocr_line' id='line_1_19' title="bbox 87 2499 1201 2565; baseline 0.004 -19"><span class='ocrx_word' id='word_1_124' title='bbox 87 2499 193 2548; x_wconf 89' lang='lat' dir='ltr'>tienni</span> <span class='ocrx_word' id='word_1_125' title='bbox 210 2501 286 2549; x_wconf 87' lang='lat' dir='ltr'>Voss.</span> <span class='ocrx_word' id='word_1_126' title='bbox 301 2499 417 2565; x_wconf 85' lang='lat' dir='ltr'>Thuan.)</span> <span class='ocrx_word' id='word_1_127' title='bbox 440 2507 506 2552; x_wconf 82' lang='lat' dir='ltr'>‘uno</span> <span class='ocrx_word' id='word_1_128' title='bbox 525 2503 691 2553; x_wconf 81' lang='lat' dir='ltr'>multifariam</span> <span class='ocrx_word' id='word_1_129' title='bbox 708 2504 787 2552; x_wconf 89' lang='lat' dir='ltr'>uerbo</span> <span class='ocrx_word' id='word_1_130' title='bbox 808 2501 963 2551; x_wconf 81' lang='lat' dir='ltr'>concinniter</span> <span class='ocrx_word' id='word_1_131' title='bbox 979 2500 1117 2565; x_wconf 87' lang='lat' dir='ltr'>implicati:</span> <span class='ocrx_word' id='word_1_132' title='bbox 1138 2517 1201 2564; x_wconf 92' lang='lat' dir='ltr'>quo-</span> 
     </span>
     <span class='ocr_line' id='line_1_20' title="bbox 86 2568 1200 2636; baseline 0.005 -22"><span class='ocrx_word' id='word_1_133' title='bbox 86 2582 142 2616; x_wconf 88' lang='lat' dir='ltr'>rnm</span> <span class='ocrx_word' id='word_1_134' title='bbox 163 2571 309 2634; x_wconf 86' lang='lat' dir='ltr'>exemplum</span> <span class='ocrx_word' id='word_1_135' title='bbox 330 2571 379 2620; x_wconf 89' lang='lat' dir='ltr'>hoc</span> <span class='ocrx_word' id='word_1_136' title='bbox 399 2579 451 2621; x_wconf 92' lang='lat' dir='ltr'>est:</span> <span class='ocrx_word' id='word_1_137' title='bbox 465 2583 534 2622; x_wconf 84' lang='lat' dir='ltr'>&#39;narn</span> <span class='ocrx_word' id='word_1_138' title='bbox 553 2574 607 2636; x_wconf 86' lang='lat' dir='ltr'>qu‘r&#39;</span> <span class='ocrx_word' id='word_1_139' title='bbox 635 2590 658 2622; x_wconf 91' lang='lat' dir='ltr'>e.</span> <span class='ocrx_word' id='word_1_140' title='bbox 677 2590 702 2635; x_wconf 88' lang='lat' dir='ltr'>q.</span> <span class='ocrx_word' id='word_1_141' title='bbox 719 2589 740 2621; x_wconf 86' lang='lat' dir='ltr'>s.</span> <span class='ocrx_word' id='word_1_142' title='bbox 813 2574 836 2620; x_wconf 92' lang='lat' dir='ltr'>ll</span> <span class='ocrx_word' id='word_1_143' title='bbox 856 2569 953 2620; x_wconf 86' lang='lat' dir='ltr'>Gellius</span> <span class='ocrx_word' id='word_1_144' title='bbox 969 2568 1048 2619; x_wconf 87' lang='lat' dir='ltr'>V119</span> <span class='ocrx_word' id='word_1_145' title='bbox 1068 2573 1200 2636; x_wconf 82' lang='lat' dir='ltr'>‘poposci,</span> 
     </span>
     <span class='ocr_line' id='line_1_21' title="bbox 86 2640 1200 2708; baseline 0.004 -23"><span class='ocrx_word' id='word_1_146' title='bbox 86 2640 243 2688; x_wconf 90' lang='lat' dir='ltr'>momordi</span> <span class='ocrx_word' id='word_1_147' title='bbox 344 2640 395 2691; x_wconf 90' lang='lat' dir='ltr'>Sed</span> <span class='ocrx_word' id='word_1_148' title='bbox 413 2641 442 2700; x_wconf 85' lang='lat' dir='ltr'>Q.</span> <span class='ocrx_word' id='word_1_149' title='bbox 465 2644 561 2692; x_wconf 87' lang='lat' dir='ltr'>Ennius</span> <span class='ocrx_word' id='word_1_150' title='bbox 585 2645 610 2692; x_wconf 91' lang='lat' dir='ltr'>in</span> <span class='ocrx_word' id='word_1_151' title='bbox 631 2643 737 2692; x_wconf 82' lang='lat' dir='ltr'>saturis&#39;</span> <span class='ocrx_word' id='word_1_152' title='bbox 769 2642 820 2708; x_wconf 85' lang='lat' dir='ltr'>(in</span> <span class='ocrx_word' id='word_1_153' title='bbox 842 2641 957 2689; x_wconf 86' lang='lat' dir='ltr'>satiris</span> <span class='ocrx_word' id='word_1_154' title='bbox 975 2640 1044 2688; x_wconf 89' lang='lat' dir='ltr'>suis</span> <span class='ocrx_word' id='word_1_155' title='bbox 1065 2640 1200 2703; x_wconf 86' lang='lat' dir='ltr'>Rottend.)</span> 
     </span>
     <span class='ocr_line' id='line_1_22' title="bbox 87 2709 1199 2781; baseline 0.004 -27"><span class='ocrx_word' id='word_1_156' title='bbox 87 2709 313 2758; x_wconf 77' lang='lat' dir='ltr'>‘momorderit</span> <span class='ocrx_word' id='word_1_157' title='bbox 333 2711 399 2760; x_wconf 87' lang='lat' dir='ltr'>dixit</span> <span class='ocrx_word' id='word_1_158' title='bbox 414 2727 461 2776; x_wconf 89' lang='lat' dir='ltr'>per</span> <span class='ocrx_word' id='word_1_159' title='bbox 479 2729 493 2762; x_wconf 88' lang='lat' dir='ltr'>e</span> <span class='ocrx_word' id='word_1_160' title='bbox 509 2712 634 2771; x_wconf 90' lang='lat' dir='ltr'>litteram,</span> <span class='ocrx_word' id='word_1_161' title='bbox 656 2727 706 2761; x_wconf 91' lang='lat' dir='ltr'>non</span> <span class='ocrx_word' id='word_1_162' title='bbox 721 2711 899 2781; x_wconf 86' lang='lat' dir='ltr'>momorderit&#39;</span> <span class='ocrx_word' id='word_1_163' title='bbox 919 2710 1199 2775; x_wconf 87' lang='lat' dir='ltr'>(momordedcrit</span> 
     </span>
    </p>
   </div>
   <div class='ocr_carea' id='block_1_10' title="bbox 86 2779 1200 2996">
    <p class='ocr_par' dir='ltr' id='par_1_10' title="bbox 86 2779 1200 2996">
     <span class='ocr_line' id='line_1_23' title="bbox 86 2779 1200 2869; baseline 0.007 -25"><span class='ocrx_word' id='word_1_164' title='bbox 86 2794 158 2858; x_wconf 88' lang='lat' dir='ltr'>Par.)</span> <span class='ocrx_word' id='word_1_165' title='bbox 175 2797 308 2860; x_wconf 85' lang='lat' dir='ltr'>‘Meum‚</span> <span class='ocrx_word' id='word_1_166' title='bbox 331 2802 434 2864; x_wconf 62' lang='lat' dir='ltr'>inquit:</span> <span class='ocrx_word' id='word_1_167' title='bbox 454 2779 554 2869; x_wconf 66' lang='lat' dir='ltr'>(inrid</span> <span class='ocrx_word' id='word_1_168' title='bbox 567 2801 640 2868; x_wconf 86' lang='lat' dir='ltr'>Par.)</span> <span class='ocrx_word' id='word_1_169' title='bbox 654 2807 731 2851; x_wconf 88' lang='lat' dir='ltr'>‘non</span> <span class='ocrx_word' id='word_1_170' title='bbox 748 2803 808 2851; x_wconf 88' lang='lat' dir='ltr'>est&#39;</span> <span class='ocrx_word' id='word_1_171' title='bbox 824 2818 847 2849; x_wconf 89' lang='lat' dir='ltr'>e.</span> <span class='ocrx_word' id='word_1_172' title='bbox 860 2816 884 2863; x_wconf 93' lang='lat' dir='ltr'>q.</span> <span class='ocrx_word' id='word_1_173' title='bbox 898 2815 919 2848; x_wconf 85' lang='lat' dir='ltr'>s.</span> <span class='ocrx_word' id='word_1_174' title='bbox 948 2799 1081 2865; x_wconf 89' lang='lat' dir='ltr'>Noniusp.</span> <span class='ocrx_word' id='word_1_175' title='bbox 1096 2800 1154 2859; x_wconf 76' lang='lat'>140,</span> <span class='ocrx_word' id='word_1_176' title='bbox 1166 2804 1200 2852; x_wconf 74' lang='grc'>25</span> 
     </span>
     <span class='ocr_line' id='line_1_24' title="bbox 87 2868 1198 2936; baseline 0.005 -22"><span class='ocrx_word' id='word_1_177' title='bbox 87 2868 271 2928; x_wconf 89' lang='lat' dir='ltr'>‘memordi,</span> <span class='ocrx_word' id='word_1_178' title='bbox 296 2872 404 2936; x_wconf 79' lang='lat' dir='ltr'>poposci</span> <span class='ocrx_word' id='word_1_179' title='bbox 486 2873 512 2920; x_wconf 88' lang='lat' dir='ltr'>in</span> <span class='ocrx_word' id='word_1_180' title='bbox 531 2873 661 2923; x_wconf 84' lang='lat' dir='ltr'>ueteribus</span> <span class='ocrx_word' id='word_1_181' title='bbox 681 2872 746 2921; x_wconf 85' lang='lat' dir='ltr'>lecta</span> <span class='ocrx_word' id='word_1_182' title='bbox 766 2878 824 2920; x_wconf 84' lang='lat' dir='ltr'>sunt</span> <span class='ocrx_word' id='word_1_183' title='bbox 846 2904 918 2919; x_wconf 88' lang='lat'>....</span> <span class='ocrx_word' id='word_1_184' title='bbox 940 2870 1050 2917; x_wconf 86' lang='lat' dir='ltr'>Ennius:</span> <span class='ocrx_word' id='word_1_185' title='bbox 1077 2885 1127 2919; x_wconf 92' lang='lat' dir='ltr'>non</span> <span class='ocrx_word' id='word_1_186' title='bbox 1148 2872 1198 2919; x_wconf 72' lang='lat' dir='ltr'>est·</span> 
     </span>
     <span class='ocr_line' id='line_1_25' title="bbox 86 2951 198 2996; baseline 0.009 -13"><span class='ocrx_word' id='word_1_187' title='bbox 86 2951 108 2983; x_wconf 89' lang='lat' dir='ltr'>e.</span> <span class='ocrx_word' id='word_1_188' title='bbox 132 2951 156 2996; x_wconf 84' lang='lat' dir='ltr'>q.</span> <span class='ocrx_word' id='word_1_189' title='bbox 177 2951 198 2984; x_wconf 91' lang='lat' dir='ltr'>s.</span> 
     </span>
    </p>
   </div>
   <div class='ocr_carea' id='block_1_11' title="bbox 85 3134 1200 3296">
    <p class='ocr_par' dir='ltr' id='par_1_11' title="bbox 85 3134 1200 3296">
     <span class='ocr_line' id='line_1_26' title="bbox 85 3134 1200 3214; baseline 0.004 -25"><span class='ocrx_word' id='word_1_190' title='bbox 85 3137 113 3190; x_wconf 85' lang='lat' dir='ltr'>in</span> <span class='ocrx_word' id='word_1_191' title='bbox 128 3137 221 3192; x_wconf 83' lang='lat' dir='ltr'>Plauti</span> <span class='ocrx_word' id='word_1_192' title='bbox 235 3139 371 3210; x_wconf 79' lang='lat' dir='ltr'>Amphitr.</span> <span class='ocrx_word' id='word_1_193' title='bbox 391 3147 448 3199; x_wconf 66' lang='lat' dir='ltr'>aa</span> <span class='ocrx_word' id='word_1_194' title='bbox 533 3146 567 3201; x_wconf 72' lang='lat'>32</span> <span class='ocrx_word' id='word_1_195' title='bbox 578 3157 620 3214; x_wconf 82' lang='lat' dir='ltr'>sq.</span> <span class='ocrx_word' id='word_1_196' title='bbox 643 3142 771 3197; x_wconf 80' lang='lat' dir='ltr'>frustrari</span> <span class='ocrx_word' id='word_1_197' title='bbox 792 3136 843 3199; x_wconf 67' lang='lat'>(1¹15</span> <span class='ocrx_word' id='word_1_198' title='bbox 857 3134 982 3184; x_wconf 80' lang='lat' dir='ltr'>frustrari.</span> <span class='ocrx_word' id='word_1_199' title='bbox 1001 3155 1083 3209; x_wconf 87' lang='lat' dir='ltr'>quern</span> <span class='ocrx_word' id='word_1_200' title='bbox 1100 3140 1200 3193; x_wconf 81' lang='lat' dir='ltr'>trustra</span> 
     </span>
     <span class='ocr_line' id='line_1_27' title="bbox 87 3222 1197 3296; baseline 0.006 -24"><span class='ocrx_word' id='word_1_201' title='bbox 87 3237 149 3274; x_wconf 80' lang='lat' dir='ltr'>eum</span> <span class='ocrx_word' id='word_1_202' title='bbox 166 3222 233 3277; x_wconf 90' lang='lat' dir='ltr'>dicit</span> <span class='ocrx_word' id='word_1_203' title='bbox 255 3224 332 3278; x_wconf 83' lang='lat' dir='ltr'>Voss.</span> <span class='ocrx_word' id='word_1_204' title='bbox 376 3272 380 3279; x_wconf 93' lang='lat'>.</span> <span class='ocrx_word' id='word_1_205' title='bbox 417 3230 453 3284; x_wconf 82' lang='lat'>33</span> <span class='ocrx_word' id='word_1_206' title='bbox 469 3243 553 3295; x_wconf 87' lang='lat' dir='ltr'>quom</span> <span class='ocrx_word' id='word_1_207' title='bbox 570 3227 709 3292; x_wconf 82' lang='lat' dir='ltr'>trustrast]</span> <span class='ocrx_word' id='word_1_208' title='bbox 725 3243 808 3296; x_wconf 80' lang='lat' dir='ltr'>qrrem</span> <span class='ocrx_word' id='word_1_209' title='bbox 825 3228 971 3281; x_wconf 77' lang='lat' dir='ltr'>frustratur</span> <span class='ocrx_word' id='word_1_210' title='bbox 985 3224 1113 3295; x_wconf 80' lang='lat' dir='ltr'>plerique</span> <span class='ocrx_word' id='word_1_211' title='bbox 1126 3225 1197 3279; x_wconf 83' lang='lat' dir='ltr'>libri.</span> 
     </span>
    </p>
   </div>
   <div class='ocr_carea' id='block_1_12' title="bbox 85 3308 1198 3827">
    <p class='ocr_par' dir='ltr' id='par_1_12' title="bbox 85 3308 1198 3827">
     <span class='ocr_line' id='line_1_28' title="bbox 86 3308 1198 3405; baseline 0.004 -26"><span class='ocrx_word' id='word_1_212' title='bbox 86 3308 130 3396; x_wconf 85' lang='lat' dir='ltr'>qiu</span> <span class='ocrx_word' id='word_1_213' title='bbox 146 3330 292 3384; x_wconf 74' lang='lat' dir='ltr'>frustratur</span> <span class='ocrx_word' id='word_1_214' title='bbox 303 3330 390 3402; x_wconf 69' lang='lat' dir='ltr'>Limd.</span> <span class='ocrx_word' id='word_1_215' title='bbox 464 3327 551 3405; x_wconf 86' lang='lat' dir='ltr'>illum]</span> <span class='ocrx_word' id='word_1_216' title='bbox 563 3347 626 3385; x_wconf 88' lang='lat' dir='ltr'>eum</span> <span class='ocrx_word' id='word_1_217' title='bbox 638 3331 701 3386; x_wconf 86' lang='lat' dir='ltr'>libri</span> <span class='ocrx_word' id='word_1_218' title='bbox 784 3337 820 3390; x_wconf 85' lang='lat'>33</span> <span class='ocrx_word' id='word_1_219' title='bbox 833 3333 962 3386; x_wconf 81' lang='lat' dir='ltr'>trustrast</span> <span class='ocrx_word' id='word_1_220' title='bbox 974 3359 1015 3368; x_wconf 89' lang='lat'>—-</span> <span class='ocrx_word' id='word_1_221' title='bbox 1026 3332 1062 3388; x_wconf 80' lang='lat'>34</span> <span class='ocrx_word' id='word_1_222' title='bbox 1074 3330 1198 3384; x_wconf 79' lang='lat' dir='ltr'>frustrari</span> 
     </span>
     <span class='ocr_line' id='line_1_29' title="bbox 86 3413 1197 3487; baseline 0.005 -22"><span class='ocrx_word' id='word_1_223' title='bbox 86 3428 167 3481; x_wconf 80' lang='lat' dir='ltr'>quom</span> <span class='ocrx_word' id='word_1_224' title='bbox 185 3431 236 3468; x_wconf 90' lang='lat' dir='ltr'>om.</span> <span class='ocrx_word' id='word_1_225' title='bbox 254 3414 323 3485; x_wconf 76' lang='lat' dir='ltr'>Rep.</span> <span class='ocrx_word' id='word_1_226' title='bbox 410 3415 603 3472; x_wconf 73' lang='lat' dir='ltr'>atsese-ttbm·</span> <span class='ocrx_word' id='word_1_227' title='bbox 678 3416 794 3470; x_wconf 77' lang='lat' dir='ltr'>frustras</span> <span class='ocrx_word' id='word_1_228' title='bbox 809 3417 885 3483; x_wconf 73' lang='lat' dir='ltr'>(lae</span> <span class='ocrx_word' id='word_1_229' title='bbox 900 3413 1096 3486; x_wconf 63' lang='lat' dir='ltr'>bostrenses.</span> <span class='ocrx_word' id='word_1_230' title='bbox 1113 3413 1197 3487; x_wconf 81' lang='lat' dir='ltr'>Trop.</span> 
     </span>
     <span class='ocr_line' id='line_1_30' title="bbox 86 3498 1197 3573; baseline 0.004 -20"><span class='ocrx_word' id='word_1_231' title='bbox 86 3500 151 3563; x_wconf 75' lang='lat'>152)</span> <span class='ocrx_word' id='word_1_232' title='bbox 167 3500 249 3554; x_wconf 83' lang='lat' dir='ltr'>sentit</span> <span class='ocrx_word' id='word_1_233' title='bbox 261 3499 392 3572; x_wconf 73' lang='lat' dir='ltr'>Muqliab.</span> <span class='ocrx_word' id='word_1_234' title='bbox 410 3501 601 3556; x_wconf 74' lang='lat' dir='ltr'>frustrassem.</span> <span class='ocrx_word' id='word_1_235' title='bbox 617 3499 645 3554; x_wconf 89' lang='lat' dir='ltr'>id</span> <span class='ocrx_word' id='word_1_236' title='bbox 657 3500 727 3573; x_wconf 66' lang='grc' dir='ltr'>Περ,</span> <span class='ocrx_word' id='word_1_237' title='bbox 746 3502 928 3555; x_wconf 81' lang='lat' dir='ltr'>frustrassem</span> <span class='ocrx_word' id='word_1_238' title='bbox 944 3499 972 3553; x_wconf 94' lang='lat' dir='ltr'>id</span> <span class='ocrx_word' id='word_1_239' title='bbox 984 3499 1071 3570; x_wconf 67' lang='lat' dir='ltr'>Laud.</span> <span class='ocrx_word' id='word_1_240' title='bbox 1090 3498 1197 3558; x_wconf 67' lang='lat' dir='ltr'>stoan.</span> 
     </span>
     <span class='ocr_line' id='line_1_31' title="bbox 86 3582 1198 3657; baseline 0.008 -23"><span class='ocrx_word' id='word_1_241' title='bbox 86 3582 203 3639; x_wconf 76' lang='lat' dir='ltr'>frustras</span> <span class='ocrx_word' id='word_1_242' title='bbox 220 3587 290 3640; x_wconf 89' lang='lat' dir='ltr'>senti</span> <span class='ocrx_word' id='word_1_243' title='bbox 314 3585 391 3640; x_wconf 88' lang='lat' dir='ltr'>Voss.</span> <span class='ocrx_word' id='word_1_244' title='bbox 415 3586 516 3641; x_wconf 78' lang='lat' dir='ltr'>trustra</span> <span class='ocrx_word' id='word_1_245' title='bbox 532 3587 615 3640; x_wconf 90' lang='lat' dir='ltr'>sentit</span> <span class='ocrx_word' id='word_1_246' title='bbox 628 3586 711 3657; x_wconf 67' lang='lat' dir='ltr'>nubo</span> <span class='ocrx_word' id='word_1_247' title='bbox 796 3591 832 3644; x_wconf 80' lang='lat'>35</span> <span class='ocrx_word' id='word_1_248' title='bbox 854 3587 1002 3639; x_wconf 76' lang='lat' dir='ltr'>frustratur</span> <span class='ocrx_word' id='word_1_249' title='bbox 1024 3585 1048 3638; x_wconf 90' lang='lat' dir='ltr'>is</span> <span class='ocrx_word' id='word_1_250' title='bbox 1070 3585 1198 3643; x_wconf 81' lang='lat' dir='ltr'>nostrast</span> 
     </span>
     <span class='ocr_line' id='line_1_32' title="bbox 85 3665 1196 3743; baseline 0.008 -24"><span class='ocrx_word' id='word_1_251' title='bbox 85 3665 173 3737; x_wconf 76' lang='lat' dir='ltr'>Lupd.</span> <span class='ocrx_word' id='word_1_252' title='bbox 184 3668 314 3741; x_wconf 75' lang='lat' dir='ltr'>Mapliub.</span> <span class='ocrx_word' id='word_1_253' title='bbox 330 3672 477 3725; x_wconf 81' lang='lat' dir='ltr'>frustratur</span> <span class='ocrx_word' id='word_1_254' title='bbox 492 3672 516 3726; x_wconf 91' lang='lat' dir='ltr'>is</span> <span class='ocrx_word' id='word_1_255' title='bbox 533 3672 635 3725; x_wconf 82' lang='lat' dir='ltr'>trustra</span> <span class='ocrx_word' id='word_1_256' title='bbox 648 3676 693 3725; x_wconf 87' lang='lat' dir='ltr'>est</span> <span class='ocrx_word' id='word_1_257' title='bbox 705 3673 791 3725; x_wconf 83' lang='lat' dir='ltr'>ceteri</span> <span class='ocrx_word' id='word_1_258' title='bbox 800 3672 863 3726; x_wconf 83' lang='lat' dir='ltr'>libri</span> <span class='ocrx_word' id='word_1_259' title='bbox 948 3671 972 3724; x_wconf 91' lang='lat' dir='ltr'>si</span> <span class='ocrx_word' id='word_1_260' title='bbox 985 3671 1112 3743; x_wconf 79' lang='lat' dir='ltr'>plerique</span> <span class='ocrx_word' id='word_1_261' title='bbox 1126 3673 1196 3728; x_wconf 89' lang='lat' dir='ltr'>libri.</span> 
     </span>
     <span class='ocr_line' id='line_1_33' title="bbox 86 3750 1197 3827; baseline 0.005 -25"><span class='ocrx_word' id='word_1_262' title='bbox 86 3766 111 3820; x_wconf 77' lang='lat' dir='ltr'>s3</span> <span class='ocrx_word' id='word_1_263' title='bbox 125 3750 196 3817; x_wconf 76' lang='lat' dir='ltr'>(be.</span> <span class='ocrx_word' id='word_1_264' title='bbox 208 3758 263 3822; x_wconf 88' lang='lat' dir='ltr'>set)</span> <span class='ocrx_word' id='word_1_265' title='bbox 273 3754 352 3826; x_wconf 62' lang='lat' dir='ltr'>Rem,</span> <span class='ocrx_word' id='word_1_266' title='bbox 365 3755 574 3826; x_wconf 72' lang='lat' dir='ltr'>omdeidblius,</span> <span class='ocrx_word' id='word_1_267' title='bbox 588 3755 620 3810; x_wconf 86' lang='lat' dir='ltr'>G.</span> <span class='ocrx_word' id='word_1_268' title='bbox 628 3754 808 3811; x_wconf 79' lang='lat' dir='ltr'>Hernmnnas</span> <span class='ocrx_word' id='word_1_269' title='bbox 816 3755 904 3810; x_wconf 82' lang='lat' dir='ltr'>Elem.</span> <span class='ocrx_word' id='word_1_270' title='bbox 916 3755 1004 3810; x_wconf 83' lang='lat' dir='ltr'>doctr.</span> <span class='ocrx_word' id='word_1_271' title='bbox 1015 3759 1095 3809; x_wconf 87' lang='lat' dir='ltr'>metr.</span> <span class='ocrx_word' id='word_1_272' title='bbox 1104 3763 1197 3827; x_wconf 83' lang='lat' dir='ltr'>p.453</span> 
     </span>
    </p>
   </div>
   <div class='ocr_carea' id='block_1_13' title="bbox 85 3839 1197 4102">
    <p class='ocr_par' dir='ltr' id='par_1_13' title="bbox 85 3839 1197 4102">
     <span class='ocr_line' id='line_1_34' title="bbox 85 3839 1197 3940; baseline 0.009 -32"><span class='ocrx_word' id='word_1_273' title='bbox 85 3858 134 3924; x_wconf 80' lang='lat' dir='ltr'>qui</span> <span class='ocrx_word' id='word_1_274' title='bbox 146 3859 281 3915; x_wconf 84' lang='lat' dir='ltr'>trimetros</span> <span class='ocrx_word' id='word_1_275' title='bbox 294 3861 447 3940; x_wconf 77' lang='lat' dir='ltr'>trochaicus</span> <span class='ocrx_word' id='word_1_276' title='bbox 458 3863 563 3917; x_wconf 80' lang='lat' dir='ltr'>mauult</span> <span class='ocrx_word' id='word_1_277' title='bbox 640 3878 697 3916; x_wconf 90' lang='lat' dir='ltr'>non</span> <span class='ocrx_word' id='word_1_278' title='bbox 712 3863 758 3917; x_wconf 90' lang='lat' dir='ltr'>ille</span> <span class='ocrx_word' id='word_1_279' title='bbox 777 3861 841 3915; x_wconf 80' lang='lat' dir='ltr'>libri</span> <span class='ocrx_word' id='word_1_280' title='bbox 917 3868 960 3915; x_wconf 89' lang='lat' dir='ltr'>est</span> <span class='ocrx_word' id='word_1_281' title='bbox 977 3839 1089 3917; x_wconf 84' lang='lat' dir='ltr'>trustral</span> <span class='ocrx_word' id='word_1_282' title='bbox 1101 3862 1197 3935; x_wconf 64' lang='lat' dir='ltr'>Laud,</span> 
     </span>
     <span class='ocr_line' id='line_1_35' title="bbox 85 3941 1196 4019; baseline 0.008 -26"><span class='ocrx_word' id='word_1_283' title='bbox 85 3941 135 3994; x_wconf 79' lang='lat' dir='ltr'>secl</span> <span class='ocrx_word' id='word_1_284' title='bbox 146 3949 210 3996; x_wconf 84' lang='lat' dir='ltr'>nota</span> <span class='ocrx_word' id='word_1_285' title='bbox 226 3946 254 3997; x_wconf 83' lang='lat' dir='ltr'>in</span> <span class='ocrx_word' id='word_1_286' title='bbox 265 3946 390 4015; x_wconf 64' lang='lat' dir='ltr'>margine</span> <span class='ocrx_word' id='word_1_287' title='bbox 405 3949 517 4016; x_wconf 72' lang='lat' dir='ltr'>oppleta</span> <span class='ocrx_word' id='word_1_288' title='bbox 530 3964 585 4018; x_wconf 82' lang='lat' dir='ltr'>qua</span> <span class='ocrx_word' id='word_1_289' title='bbox 600 3948 674 4002; x_wconf 76' lang='lat' dir='ltr'>istud</span> <span class='ocrx_word' id='word_1_290' title='bbox 684 3949 788 4018; x_wconf 63' lang='lat' dir='ltr'>corripi</span> <span class='ocrx_word' id='word_1_291' title='bbox 800 3947 906 4001; x_wconf 79' lang='lat' dir='ltr'>bibetur</span> <span class='ocrx_word' id='word_1_292' title='bbox 992 3945 1035 4019; x_wconf 82' lang='lat' dir='ltr'>Cf.</span> <span class='ocrx_word' id='word_1_293' title='bbox 1048 3947 1082 4001; x_wconf 87' lang='lat' dir='ltr'>de</span> <span class='ocrx_word' id='word_1_294' title='bbox 1096 3949 1196 4002; x_wconf 85' lang='lat' dir='ltr'>eisdem</span> 
     </span>
     <span class='ocr_line' id='line_1_36' title="bbox 85 4025 1196 4102; baseline 0.01 -23"><span class='ocrx_word' id='word_1_295' title='bbox 85 4025 210 4081; x_wconf 86' lang='lat' dir='ltr'>uersibus</span> <span class='ocrx_word' id='word_1_296' title='bbox 217 4027 343 4084; x_wconf 84' lang='lat' dir='ltr'>Muretus</span> <span class='ocrx_word' id='word_1_297' title='bbox 355 4031 433 4101; x_wconf 80' lang='lat' dir='ltr'>opaci</span> <span class='ocrx_word' id='word_1_298' title='bbox 438 4031 618 4086; x_wconf 72' lang='lat' dir='ltr'>Castulonem</span> <span class='ocrx_word' id='word_1_299' title='bbox 632 4030 699 4086; x_wconf 82' lang='lat' dir='ltr'>Ver.</span> <span class='ocrx_word' id='word_1_300' title='bbox 709 4032 783 4086; x_wconf 82' lang='lat' dir='ltr'>Lect.</span> <span class='ocrx_word' id='word_1_301' title='bbox 791 4036 856 4089; x_wconf 69' lang='lat' dir='ltr'>abb</span> <span class='ocrx_word' id='word_1_302' title='bbox 867 4031 960 4100; x_wconf 75' lang='lat' dir='ltr'>(Graii.</span> <span class='ocrx_word' id='word_1_303' title='bbox 969 4030 1067 4102; x_wconf 70' lang='lat' dir='ltr'>lamp.</span> <span class='ocrx_word' id='word_1_304' title='bbox 1076 4030 1096 4085; x_wconf 90' lang='grc' dir='ltr'><em>Ι</em></span> <span class='ocrx_word' id='word_1_305' title='bbox 1101 4032 1196 4100; x_wconf 80' lang='lat' dir='ltr'>V580)</span> 
     </span>
    </p>
   </div>
   <div class='ocr_carea' id='block_1_14' title="bbox 82 4117 1195 4386">
    <p class='ocr_par' dir='ltr' id='par_1_14' title="bbox 82 4117 1195 4386">
     <span class='ocr_line' id='line_1_37' title="bbox 128 4117 1195 4205; baseline 0 -3"><span class='ocrx_word' id='word_1_306' title='bbox 128 4148 163 4202; x_wconf 81' lang='lat'>36</span> <span class='ocrx_word' id='word_1_307' title='bbox 186 4163 277 4200; x_wconf 91' lang='lat' dir='ltr'>meum</span> <span class='ocrx_word' id='word_1_308' title='bbox 299 4163 352 4201; x_wconf 91' lang='lat' dir='ltr'>om.</span> <span class='ocrx_word' id='word_1_309' title='bbox 370 4147 474 4202; x_wconf 84' lang='lat' dir='ltr'>Nonius</span> <span class='ocrx_word' id='word_1_310' title='bbox 559 4150 631 4204; x_wconf 88' lang='lat' dir='ltr'>acsi</span> <span class='ocrx_word' id='word_1_311' title='bbox 649 4166 691 4202; x_wconf 90' lang='lat' dir='ltr'>me</span> <span class='ocrx_word' id='word_1_312' title='bbox 706 4150 776 4204; x_wconf 84' lang='lat' dir='ltr'>Por.</span> <span class='ocrx_word' id='word_1_313' title='bbox 801 4149 861 4205; x_wconf 82' lang='lat' dir='ltr'>Vel.</span> <span class='ocrx_word' id='word_1_314' title='bbox 879 4117 978 4205; x_wconf 83' lang='lat' dir='ltr'>alsimc</span> <span class='ocrx_word' id='word_1_315' title='bbox 991 4148 1116 4202; x_wconf 81' lang='lat' dir='ltr'>Rotlencl.</span> <span class='ocrx_word' id='word_1_316' title='bbox 1132 4156 1159 4202; x_wconf 86' lang='lat' dir='ltr'>at</span> <span class='ocrx_word' id='word_1_317' title='bbox 1172 4150 1195 4202; x_wconf 89' lang='lat' dir='ltr'>si</span> 
     </span>
     <span class='ocr_line' id='line_1_38' title="bbox 85 4212 1195 4304; baseline 0.003 -22"><span class='ocrx_word' id='word_1_318' title='bbox 85 4246 129 4283; x_wconf 91' lang='lat' dir='ltr'>me</span> <span class='ocrx_word' id='word_1_319' title='bbox 145 4233 230 4286; x_wconf 85' lang='lat' dir='ltr'>ceteri</span> <span class='ocrx_word' id='word_1_320' title='bbox 242 4230 328 4287; x_wconf 84' lang='lat' dir='ltr'>Gellii.</span> <span class='ocrx_word' id='word_1_321' title='bbox 344 4237 371 4285; x_wconf 91' lang='lat' dir='ltr'>ut</span> <span class='ocrx_word' id='word_1_322' title='bbox 391 4232 414 4285; x_wconf 94' lang='lat' dir='ltr'>si</span> <span class='ocrx_word' id='word_1_323' title='bbox 430 4248 474 4284; x_wconf 92' lang='lat' dir='ltr'>me</span> <span class='ocrx_word' id='word_1_324' title='bbox 490 4231 595 4287; x_wconf 75' lang='lat' dir='ltr'>Nonou</span> <span class='ocrx_word' id='word_1_325' title='bbox 680 4212 827 4288; x_wconf 79' lang='lat' dir='ltr'>canis⁰nrm</span> <span class='ocrx_word' id='word_1_326' title='bbox 843 4242 917 4290; x_wconf 83' lang='lat' dir='ltr'>certo</span> <span class='ocrx_word' id='word_1_327' title='bbox 934 4239 1055 4304; x_wconf 82' lang='lat' dir='ltr'>apparet</span> <span class='ocrx_word' id='word_1_328' title='bbox 1070 4234 1098 4285; x_wconf 83' lang='lat' dir='ltr'>in</span> <span class='ocrx_word' id='word_1_329' title='bbox 1123 4232 1195 4299; x_wconf 80' lang='lat' dir='ltr'>Vnt,</span> 
     </span>
     <span class='ocr_line' id='line_1_39' title="bbox 82 4314 396 4386; baseline 0.003 -18"><span class='ocrx_word' id='word_1_330' title='bbox 82 4314 170 4386; x_wconf 80' lang='lat' dir='ltr'>possit</span> <span class='ocrx_word' id='word_1_331' title='bbox 182 4316 229 4371; x_wconf 78' lang='lat' dir='ltr'>ael</span> <span class='ocrx_word' id='word_1_332' title='bbox 241 4320 320 4370; x_wconf 83' lang='lat' dir='ltr'>ectus</span> <span class='ocrx_word' id='word_1_333' title='bbox 336 4329 396 4370; x_wconf 81' lang='lat' dir='ltr'>esse</span> 
     </span>
    </p>
   </div>
   <div class='ocr_carea' id='block_1_15' title="bbox 0 0 1422 4988">
    <p class='ocr_par' dir='ltr' id='par_1_15' title="bbox 0 0 1422 4988">
     <span class='ocr_line' id='line_1_40' title="bbox 0 0 1422 4988; baseline 0 0"><span class='ocrx_word' id='word_1_334' title='bbox 0 0 1422 4988; x_wconf 95' lang='lat' dir='ltr'> </span> 
     </span>
    </p>
   </div>
  </div>
 </body>
</html>
