2834 4988
704 160 709 169 ’
749 132 810 193 ““ἷ*’
935 162 951 193 e

648 396 883 456 ANNALIVM

315 665 523 738 Concurrunt
542 669 598 738 uel
617 669 663 738 uti
682 671 773 740 uenti
795 693 869 742 eum
892 672 1027 764 spiritus
1050 675 1154 745 austri
1230 709 1233 713 >

314 770 494 842 Imbrieitor
515 773 694 867 aquiloque
712 796 775 844 suo
798 797 872 844 curn
891 777 1023 847 flamine
1045 782 1161 849 eontra

224 881 287 943 425
314 873 396 945 ludu
420 877 501 946 inuri
524 898 647 970 magno
669 878 789 949 fluetus
811 880 970 951 extollere
992 885 1127 952 certant.

313 1095 386 1164 Non
409 1101 551 1187 possunt
570 1119 722 1169 mussare
741 995 817 1169 bblni
841 1103 897 1195 qui
920 1103 1041 1172 lamam
1095 1154 1103 1172 .
1157 1155 1165 1172 .
1220 1155 1228 1171 .

313 1198 388 1268 Nixi
407 1200 539 1271 militiae
561 1202 664 1273 inulto
685 1216 845 1296 peperere
867 1205 981 1276 labore

736 1322 799 1394 Vll

314 1473 696 1496 .......
749 1449 857 1523 neque
882 1449 1024 1519 corpora
1045 1426 1140 1496 firme

313 1526 519 1618 Longiseunt
539 1528 714 1623 quiequam

618 1779 776 1863 hinnu
807 1779 913 1862 xvur
994 1758 997 1767 ‘

222 2081 285 2143 430
312 2070 519 2165 Degrurnure
541 2074 650 2143 lorum
757 1969 771 2040 Ι

208 2276 342 2338 cunctique
352 2275 444 2325 Latini.
465 2274 541 2340 [Aen.
549 2276 585 2324 XI
591 2274 653 2340 745]
666 2276 762 2325 Ennius
776 2276 802 2324 in
815 2275 923 2340 septimo
936 2273 1034 2323 decimo
1049 2273 1100 2322 ...’
1114 2274 1239 2340 (iuV110
1251 2271 1321 2337 Sul.)

277 2347 300 2394 V
315 2345 459 2394 Macrobius
470 2344 523 2394 Set.
538 2347 600 2395 vl2
614 2345 700 2411 pelo
712 2345 769 2394 Jsu.
789 2345 900 2393 ‘diuersi
915 2358 1007 2410 magno
1019 2359 1065 2392 ceu
1078 2344 1206 2406 quondam
1219 2344 1320 2392 turbiue

208 2416 277 2464 uenti
296 2415 440 2480 Conssigunt
459 2415 638 2481 zephyrosque
658 2424 783 2477 notusque
807 2422 831 2463 et
852 2413 933 2464 laetus
951 2415 1011 2464 Eois
1030 2414 1112 2463 Eurus
1132 2415 1213 2478 equis.
1241 2411 1318 2478 [heu.

207 2485 231 2533 II
244 2483 306 2548 416]
326 2485 422 2533 Ennius
435 2485 461 2533 iu
474 2485 583 2550 septimo
601 2485 700 2534 decimo
717 2485 768 2533 ...’
840 2485 876 2533 VI
894 2483 1060 2550 Philargyrus
1073 2485 1098 2533 in
1112 2483 1204 2549 Georg.
1219 2484 1255 2533 IV
1269 2483 1319 2534 188

208 2558 368 2603 ‘mussent
381 2553 423 2602 hie
434 2563 599 2603 murmurant.
625 2553 695 2613 Quae
706 2562 757 2603 uox
772 2555 876 2619 ponitur
890 2563 914 2603 et
927 2555 953 2602 in
968 2554 1068 2603 tacendi
1082 2553 1277 2619 significatione,
1292 2561 1320 2601 ut

207 2624 277 2689 apud
288 2624 398 2673 Ennium
412 2624 438 2673 in
450 2623 523 2674 XVII
537 2626 590 2674 ...'
619 2624 714 2674 Paulus
728 2625 797 2674 Festi
813 2639 840 2689 p.
853 2624 903 2674 144
915 2623 948 2674 Μ.
972 2627 1143 2684 ‘mussare‚
1159 2637 1319 2673 murmurare

206 2693 316 2742 Ennius:
338 2692 385 2758 [VI
400 2692 433 2743 lr.
449 2692 495 2758 VI]
516 2695 676 2761 uulgouer‘o
694 2701 844 2765 proterrere
860 2692 966 2754 dieitur,
987 2701 1015 2743 ut
1033 2692 1102 2744 Idem
1119 2694 1231 2743 Ennius:
1259 2707 1319 2743 non

207 2763 303 2812 decet
318 2778 461 2827 musssre
475 2765 593 2815 bonos!
613 2765 685 2815 Hune
698 2763 854 2814 uersiculum
870 2778 920 2813 uon
933 2763 1064 2814 diuersum
1076 2779 1133 2814 esse
1148 2764 1180 2812 ab
1196 2777 1226 2813 eo
1243 2778 1323 2826 quem

206 2832 356 2899 Philargyro
370 2833 492 2884 debemus
501 2834 529 2885 0.
538 2828 675 2884 Muellerus
686 2834 813 2886 intellexit
826 2833 968 2884 udFestum
980 2849 1006 2899 p.
1015 2832 1074 2885 384.
1095 2833 1200 2883 Seruius
1212 2833 1239 2881 iu
1252 2833 1317 2882 Aen.

205 2901 253 2952 ΧΠ
271 2902 323 2954 657
349 2903 459 2954 ‘Ennius
476 2919 619 2955 mussare
639 2919 687 2971 pro
704 2912 787 2954 tacere
807 2904 911 2969 posuit!
983 2904 1032 2954 VII
1050 2903 1148 2954 Nonius
1165 2919 1191 2970 p.
1210 2901 1319 2962 13413
1348 2936 1353 2943 -

207 2973 426 3040 Ἷοιιςὶιοιιε,
446 2975 551 3042 longum
562 2974 619 3025 fleri
634 2975 677 3025 uel
691 2973 819 3041 frangere.
843 2974 940 3023 Ennius
960 2973 1005 3022 lib.
1019 2974 1093 3024 XVII
1111 2973 1163 3023 ...’
1182 2972 1250 3039 (Am
1264 2971 1343 3028 uelo

206 3041 399 3111 languerel)

127 3182 132 3186 -
236 3149 327 3199 lum
340 3147 424 3198 XVIII
460 3145 688 3214 rhamnunte
704 3151 847 3214 ‘grumae
861 3145 1318 3213 suntloesmedisiuqusedireotse

205 3226 322 3282 quattuor
334 3225 521 3284 congregantur
533 3226 558 3268 et
570 3219 724 3268 eonuentunt
738 3220 806 3268 uiue.
829 3218 875 3268 Est
887 3224 971 3267 autem
984 3231 1095 3282 grume
1108 3231 1227 3267 mensure
1239 3230 1319 3279 quae-
1384 3269 1390 3282 ⁸

205 3289 264 3339 (lum
276 3303 327 3352 qun
340 3287 392 3338 flxs
406 3289 465 3337 uriae
477 3288 511 3338 ud
527 3287 622 3339 lineam
635 3289 837 3356 dIrIgsntur,
857 3296 885 3338 ιιι
899 3295 938 3337 est
951 3288 1154 3353 agrimensorum
1173 3294 1198 3336 et
1215 3285 1316 3336 talium.
1350 3290 1354 3297 '

204 3478 321 3519 mannus
335 3463 375 3519 ud
383 3462 469 3523 Luet.
491 3462 535 3519 VI
546 3469 615 3524 1260
700 3470 870 3536 exortusque
881 3460 956 3521 Med.
1043 3463 1180 3535 utumque
1192 3458 1317 3516 Merula.

204 3550 328 3620 utrisque
344 3548 407 3604 libri
489 3552 542 3607 423
561 3551 643 3604 ueluti
660 3549 724 3604 libri
827 3554 879 3607 425
899 3547 969 3604 indu
982 3545 1104 3604 Merula.
1126 3546 1192 3602 inde
1207 3545 1316 3618 Attolle.

205 3633 305 3689 Sulisb.
316 3632 388 3689 Por.
399 3632 476 3689 Med.
490 3650 508 3687 u
523 3633 539 3687 b
554 3649 570 3687 c
655 3650 758 3705 magno
772 3635 880 3706 Anyb'c.
892 3632 992 3689 Saloe.
1008 3649 1128 3704 magnos
1137 3631 1208 3688 Par.

203 3723 255 3778 426
268 3736 311 3790 sq.
335 3720 437 3773 laruam
511 3719 573 3772 Nixi
588 3719 703 3774 militiae
718 3721 803 3774 multo
823 3737 850 3791 p.
867 3721 963 3773 labore
978 3716 1118 3788 Berytius
1132 3716 1251 3789 Ephem.
1267 3715 1315 3771 lin.

203 3803 271 3859 Hal.
287 3808 355 3863 1842
370 3801 404 3857 ΙΙ
416 3807 478 3861 230.
499 3804 600 3857 leolam
620 3806 715 3859 labore
734 3804 809 3858 enixi
830 3805 955 3858 inllitiarn
974 3820 1003 3874 p.
1024 3802 1219 3876 Phaloryyrns.
1243 3801 1317 3856 laete

203 3891 299 3944 labore
315 3888 380 3944 Nixi
398 3888 513 3943 militiae
528 3905 557 3960 p,
575 3888 604 3942 J.
618 3888 714 3944 Dousa
729 3887 821 3944 Ploul.
837 3888 963 3961 Explan.
982 3886 1001 3942 1
1006 3887 1032 3944 V
1043 3892 1077 3946 14
1180 3889 1234 3944 429
1256 3887 1315 3941 lan·

203 3976 317 4047 giseunt
335 3973 386 4029 Tn.
400 3971 509 4046 Hnynn
608 3977 663 4033 430
685 3973 853 4046 degrurnare
870 3975 973 4041 lorum]
995 3971 1036 4044 es.
1049 3971 1176 4045 Hyyinus
1192 3971 1226 4026 de
1239 3971 1316 4027 linit.

197 4064 300 4132 p.180
313 4057 428 4114 Laetum.
455 4059 614 4116 ‘incastris
634 4076 732 4131 oroma
747 4061 863 4130 ponitur
885 4061 914 4114 in
936 4064 1094 4126 tenentem,
1114 4073 1170 4129 quo
1184 4056 1260 4112 uelut
1278 4054 1318 4111 ud

201 4144 320 4218 sorum
342 4145 540 4200 conueniatur?
573 4144 733 4216 degrurnari
759 4144 862 4199 serrum
883 4143 1000 4199 Nonius.
1019 4142 1191 4214 Interpolota
1215 4155 1317 4213 grume

203 4230 327 4303 dingere
341 4245 399 4303 pro
419 4229 556 4286 Ennianis
573 4229 744 4286 uendinnns
765 4227 913 4285 Mercerrn
932 4234 959 4284 et
973 4227 1085 4284 Merula
1104 4228 1240 4300 proxima
1258 4226 1314 4280 εἰσι

204 4315 366 4388 degrumari
381 4316 453 4386 (siue
467 4316 651 4387 degrumare)
669 4328 738 4369 uero
754 4312 877 4369 Lucilius
892 4314 1037 4371 mendant
