2834 4988
579 391 821 461 RELIQVIAE

677 561 724 632 Xl

248 675 386 761 Quantis
407 700 481 747 curn
503 680 669 752 aerumnis
687 679 777 751 rllum
796 681 971 750 exanclaui
989 679 1092 748 diem!

660 832 722 905 XII
735 831 752 869 *

247 945 342 1032 Vidi,
372 948 484 1019 uidere
506 951 595 1042 quod
619 973 694 1021 sum
713 973 815 1042 passa
836 951 1042 1044 aegerrume,

246 1050 422 1121 Hectorem
441 1075 539 1123 curru
559 1053 757 1148 quadriiugo
779 1054 950 1144 raptarier,

164 1160 222 1221 434
250 1153 402 1225 Hectoris
421 1159 533 1226 uatum
550 1157 592 1249 44
609 1179 705 1229 muro
722 1156 884 1228 iactarier.

543 1304 739 1376 --ruu

247 1422 366 1491 Festus
385 1446 418 1514 p.
439 1431 501 1495 298
517 1426 559 1495 Μ.
585 1424 863 1517 ‘[sun1mu]ssi
882 1424 1073 1494 dicebantur
1092 1424 1257 1515 [murmu-

146 1525 284 1617 ratores]
308 1577 366 1594 ...
389 1527 535 1598 Naeuius
552 1570 603 1581 —
622 1529 749 1599 Ennius
767 1528 800 1597 in
821 1531 918 1597 sexto
941 1526 1012 1621 [Vl]
1045 1526 1196 1620 [Euniuls
1225 1528 1257 1595 in

145 1627 394 1699 Andromacha:
422 1629 555 1726 4114444]
660 1631 752 1724 [nolu
770 1635 839 1701 est:
862 1653 936 1701 nam
956 1653 1107 1701 mussare
1125 1631 1154 1700 si
1172 1683 1246 1699 .....
1249 1630 1256 1654 '

560 1762 834 1889 uuonouaun

696 1955 710 2024 l

433 2095 580 2164 .quae
597 2073 681 2142 eiua
697 2072 780 2144 caeli

246 2123 530 2266 Signitenentibus
549 2176 685 2246 conficis
703 2176 855 2269 bigis!

670 2325 697 2396 Η
712 2324 728 2362 ¹l¹

247 2498 628 2516 .......
682 2450 715 2517 44
731 2447 806 2540 quis
823 2445 918 2515 illaec
935 2449 1001 2528 est,
1022 2467 1107 2537 quae
1124 2445 1257 2538 lugubri

248 2548 431 2620 succincta·
443 2552 495 2619 est
516 2548 627 2621 stola?

179 2750 215 2800 Xl
244 2750 341 2801 Nouius
364 2767 391 2818 p.
416 2750 481 2811 292,
505 2750 522 2802 8
554 2753 744 2817 ‘exanclare
769 2752 847 2803 etiam
871 2750 999 2817 significat
1024 2750 1132 2816 perpeti.
1161 2749 1258 2799 Ennius

146 2820 370 2872 Andromache
389 2821 472 2871 malo
491 2823 676 2885 torquentis
700 2823 770 2872 cum·
793 2838 816 2872 4,
837 2836 905 2883 q.s.
937 2819 1143 2887 (torquantrs
1162 2818 1257 2870 Geueu

146 2890 241 2941 Andr.
268 2890 524 2942 aechmalotide:
552 2893 684 2958 quantis
707 2891 825 2943 Rothiua.
855 2888 1079 2940 Andromache
1107 2889 1257 2939 molotto.

146 2960 275 3021 quantis
294 2959 436 3024 Mercerus)
506 2960 553 3010 Xll
576 2960 663 3013 Cicero
677 2962 753 3012 Τ444.
769 2961 837 3026 disp.
853 2960 926 3019 144,
944 2959 993 3010 105
1018 2958 1109 3008 ‘trahit
1125 2958 1259 3008 Hectorem

163 3028 378 3080 ..Achillasm
407 3033 441 3080 At
459 3030 505 3079 illa
523 3031 588 3080 sicut
606 3031 798 3081 acerbissimam
816 3044 868 3079 rem
882 3036 990 3078 maeret:
1013 3026 1085 3092 [128.
1102 3025 1163 3092 129]
1184 3043 1259 3091 quern

147 3065 297 3149 1444444441
323 3108 366 3149 aut
385 3115 461 3164 quam
480 3099 524 3150 diu
541 3099 585 3150 illa
604 3101 652 3150 erit
672 3101 782 3151 Hector?
807 3098 899 3148 Melius
918 3099 1058 3147 Accius..
1073 3096 1207 3146 ffVarro
1227 3097 1260 3146 de

147 3168 174 3217 L.
190 3168 219 3218 Ι..
234 3168 259 3218 X
275 3169 309 3220 70
321 3168 383 3219 ΜΛ
390 3184 441 3220 444
458 3170 535 3219 modo
553 3173 659 3235 poetae,
680 3170 727 3222 sed
739 3171 816 3221 etiam
828 3167 946 3235 plerique
957 3182 987 3216 44
1002 3133 1085 3233 primo
1098 3166 1195 3226 omnis,
1215 3166 1259 3229 qui

145 3238 229 3289 uoluta
244 3239 359 3289 oratione
373 3240 523 3303 loquuntur,
543 3239 676 3299 dicebant,
694 3246 722 3289 ut
740 3247 913 3303 quaestorem,
935 3246 1094 3302 praetorem,
1113 3235 1151 3284 sio
1169 3235 1260 3286 Hecto-

146 3323 212 3368 rem,
232 3307 371 3359 Nestorem.
397 3311 483 3373 ltaqua
496 3309 593 3360 Ennius
605 3311 641 3359 ait
660 3306 752 3375 [130].·
775 3310 917 3371 Vtrumque
932 3306 1016 3357 locum
1032 3305 1194 3356 coniunctum
1208 3307 1260 3355 An-

145 3377 300 3429 dromachae
311 3378 400 3428 tribuit
414 3379 529 3444 Scaliger

181 3448 363 3497 444444444
401 3451 411 3498 1
435 3449 517 3499 Varro
536 3447 745 3500 4414144119
763 3447 798 3498 Μ.
822 3452 851 3496 ‘a
871 3446 941 3498 Chao
960 3446 1067 3506 choum,
1091 3445 1152 3495 hinc
1168 3460 1260 3495 oanruu

145 3524 170 3567 44
193 3516 253 3566 hinc
280 3517 379 3568 eaelum
477 3519 564 3581 itaque
590 3519 653 3570 dicit
679 3517 844 3569 Andromeda
871 3518 952 3566 noeti:
979 3516 1055 3580 quae'
1080 3532 1103 3566 4.
1123 3530 1148 3578 q.
1169 3530 1190 3565 s.
1220 3519 1260 3566 ‘et

145 3587 322 3652 Agamemnon
342 3597 441 3638 ...et
454 3589 550 3638 Ennius
563 3590 623 3640 item
639 3589 673 3639 ad
687 3589 900 3639 cenationem..
909 3588 915 3606 ’
938 3585 1163 3653 (Andromeda
1179 3585 1261 3636 Scali-

144 3671 199 3723 ger
221 3625 537 3708 AndromadaParmb
557 3656 864 3709 Andromacbal'lor
880 3657 994 3706 ‘utuid’
1010 3655 1259 3706 Andromatloth.

144 3726 227 3776 Hauc.
242 3727 298 3776 Ρ44.
315 3735 369 3777 set
381 3726 409 3791 c)
480 3729 502 3777 ll
524 3727 663 3795 Nouiusp.
682 3727 740 3790 1148,
758 3729 804 3778 l‘
812 3729 882 3777 cuis
901 3735 925 3776 et
943 3727 1031 3792 generi
1045 3724 1168 3775 feminino
1190 3726 1259 3775 attri-

143 3796 189 3846 bui
202 3811 279 3863 posse
292 3800 559 3848 ueterumauctoritas
572 3800 708 3848 uoluit...
719 3799 849 3849 .Ennius
870 3805 894 3847 44
908 3798 977 3859 quls’
989 3811 1088 3858 eq.s
1117 3794 1171 3843 Huc
1183 3795 1261 3845 refert

188 3974 238 4041 127
258 3975 383 4028 erumnis
393 3975 523 4045 plerique
538 3974 602 4029 labri
688 3991 838 4029 aerumnas
856 3974 931 4027 illum
947 3972 1090 4027 exanclari
1106 3987 1169 4025 euru
1187 3970 1262 4025 diem

96 4132 100 4141 ι
142 4056 234 4111 Bneil.
323 4058 471 4129 lbflquod
496 4059 802 4129 compositissima
822 4057 935 4121 Roob,
955 4056 1098 4113 11444444.
1119 4055 1195 4126 quod
1216 4072 1260 4108 ure

143 4158 230 4212 passa
242 4141 312 4214 Rep.
324 4142 398 4198 Ρ44.
412 4144 482 4200 Gud·
496 4160 558 4198 cum
571 4147 668 4199 ceteris
757 4147 807 4202 129
823 4141 1073 4213 corrumpam.
1160 4144 1211 4196 130
1226 4139 1260 4193 44

144 4239 241 4281 moero
259 4226 393 4298 Scaliper.
419 4228 453 4282 de
472 4227 593 4283 Troiano
611 4246 689 4284 muro
705 4229 769 4283 libri
855 4227 984 4282 iactarier
1005 4224 1139 4295 Scaliger.
1165 4223 1261 4278 iactari

141 4309 206 4365 mm.
