2834 4988
568 382 808 455 nnnrovrnn

666 552 714 623 Vl

301 733 309 751 .
363 681 499 749 ansatas
516 675 648 745 mittunt
670 675 711 743 de
729 672 875 743 turribus
928 726 936 742 .
990 724 999 743 .

662 810 721 880 VII

240 934 337 1020 Quod
359 955 419 1024 per
437 953 610 1003 amoenam
628 932 742 1001 urbem
764 929 829 999 leni
852 931 924 1001 lluil
946 931 1078 1025 agmine
1096 933 1229 1005 flumen.

573 1233 735 1318 LlBEli
768 1233 812 1316 ill

684 1442 698 1512 l

244 1564 326 1650 Quis
347 1564 434 1656 polis
457 1563 602 1656 ingeniis
619 1583 698 1632 oras
715 1561 873 1632 euoluere
892 1561 991 1631 belli?

683 1699 710 1768 ll

244 1821 327 1890 Tum
344 1843 419 1890 eum
435 1822 536 1893 corde
553 1842 617 1891 suo
636 1819 747 1890 diuum
771 1829 865 1911 pater
883 1822 983 1913 alque
1004 1816 1170 1887 hominum
1195 1838 1254 1887 rex

157 1933 215 1996 180
243 1923 371 1995 Edatur

659 2024 701 2103 [H
713 2023 730 2061 ²&

245 2197 628 2216 .......
683 2146 799 2216 contra
820 2140 1005 2213 carinantes

244 2249 360 2320 Verba
383 2247 476 2339 [atra]
498 2251 598 2341 atque
620 2249 766 2318 obscena
785 2247 947 2341 prolatus.

144 2449 168 2513 (1
182 2464 209 2514 p.
220 2448 270 2499 411
281 2446 327 2514 Κ.)
345 2446 528 2516 (misereo)
546 2452 612 2512 ‘quo
626 2450 794 2500 uetustissimi
809 2456 868 2500 sunt
881 2448 937 2507 usi,
957 2455 1078 2513 utsupra
1092 2446 1187 2496 dictum
1201 2454 1256 2497 est:

144 2519 240 2568 Ennius
251 2520 276 2568 'm
287 2519 309 2569 V
320 2520 451 2568 annalium
463 2556 470 2568 .
535 2519 697 2585 (analium
710 2518 802 2584 Rern.)
873 2519 908 2568 Vl
927 2517 1025 2568 Nonius
1033 2532 1060 2583 p.
1069 2516 1171 2576 baama
1186 2520 1258 2566 ‘au-

145 2597 254 2649 setae‚
289 2590 459 2639 iaculumenta
487 2603 544 2638 cum
569 2589 647 2638 ausis.
684 2591 781 2640 Ennius
805 2589 850 2639 lib.
870 2589 893 2637 V
915 2590 970 2638 ...'
1044 2587 1091 2637 Vll
1114 2587 1258 2637 Macrobius

145 2657 198 2708 Sat.
212 2659 248 2708 VI
262 2659 279 2708 4
294 2674 320 2724 p.
336 2657 388 2711 519
405 2659 462 2708 Jan.
486 2663 617 2725 ‘agmen
638 2674 684 2725 pro
705 2668 763 2709 actu
786 2670 810 2709 et
826 2660 901 2709 ductu
921 2659 1031 2721 quodam
1046 2672 1141 2723 ponere
1156 2671 1206 2707 nou
1219 2657 1258 2706 in-

146 2727 249 2794 elegans
262 2737 314 2788 est,
334 2736 375 2777 ut:
395 2727 446 2777 leni
460 2727 515 2777 lluit
528 2729 630 2794 agmine
644 2729 763 2794 Thybris.
785 2729 861 2796 [Aen.
876 2727 974 2794 11782]
994 2729 1073 2777 immo
1088 2734 1113 2776 et
1127 2728 1259 2790 antiquum

146 2807 192 2848 est.
211 2798 402 2861 ,14)ηηί113εηί111
416 2798 443 2847 iu
456 2798 544 2861 quinto
557 2799 606 2848 ait:
626 2799 708 2861 quod'
728 2817 751 2849 e.
766 2816 791 2863 q.
806 2815 827 2848 s.
851 2798 1001 2864 (quinto,
1022 2813 1072 2847 om.
1089 2798 1135 2855 in,
1162 2795 1258 2846 salisb.

147 2867 213 2917 Med.
228 2867 330 2934 Augila.
347 2864 421 2932 Pur.)

179 2970 268 3020 LIBER
279 2970 316 3020 vl
352 2970 363 3018 Ι
383 2968 553 3028 Quintilianus
566 2970 602 3020 Vl
617 2970 643 3030 3,
656 2969 691 3021 86
706 2969 895 3039 ‘dissimulauit
909 2970 1012 3029 Cicero,
1028 2985 1086 3019 cum
1098 2968 1159 3019 Sex.
1173 2970 1260 3019 Anna-

147 3039 179 3089 lis
199 3040 272 3090 testis
293 3054 365 3089 reum
384 3040 503 3089 laesisset
521 3048 546 3089 st
566 3041 672 3089 instaret
690 3040 829 3090 identidem
849 3048 981 3090 accusator
1000 3040 1036 3088 ei:
1070 3040 1111 3089 dic
1129 3039 1163 3088 M.
1180 3037 1259 3097 Tulli,

147 3109 270 3173 numquid
286 3118 362 3176 potes
385 3111 417 3160 de
429 3108 508 3159 Sexto
522 3109 633 3158 Annali?
658 3125 749 3159 uersus
767 3112 834 3159 enlm
853 3110 938 3159 dicere
957 3110 1042 3172 coepit
1058 3108 1090 3158 de
1105 3109 1170 3157 libro
1183 3108 1260 3158 Ennii

148 3179 233 3229 mnali
244 3188 317 3229 sexto
333 3180 391 3228 ...’
418 3179 563 3229 Macrobius
575 3177 629 3228 Sat.
644 3180 679 3228 Vl
696 3180 708 3229 l
725 3196 751 3245 p.
766 3180 883 3231 bddlan.
905 3184 944 3228 ‘et
956 3192 1056 3227 mecum
1071 3178 1186 3243 ingentes
1201 3191 1260 3227 oras

148 3249 259 3298 euoluite
275 3249 347 3299 belli.
370 3247 446 3314 [Aen.
459 3247 568 3314 rxoass]
592 3249 689 3298 Ennius
710 3250 736 3299 in
757 3257 830 3300 sexto
848 3249 901 3297 ...’
934 3247 1071 3297 Diomedes
1091 3249 1100 3297 l
1121 3264 1147 3313 p.
1164 3245 1213 3298 381
1230 3248 1258 3296 P.

149 3319 253 3384 ‘potis
273 3326 312 3368 est
323 3334 371 3384 pro
387 3326 487 3384 potest,
513 3327 542 3368 ut
555 3318 624 3384 apud
637 3320 759 3369 Ennium:
784 3319 854 3382 quis’
882 3334 904 3367 e.
922 3333 946 3380 q.
962 3333 983 3366 s.
1021 3315 1126 3367 Seruius
1146 3319 1172 3366 in
1194 3318 1258 3367 den.

149 3387 185 3436 IX
199 3387 252 3440 528
271 3391 346 3438 ‘oras
359 3388 471 3439 euoluite
484 3388 561 3439 belli:
581 3388 630 3438 hoc
644 3397 683 3440 est
697 3389 807 3458 ingentis
820 3388 891 3439 belli.
921 3395 1022 3437 narrate
1036 3401 1087 3437 non
1100 3395 1199 3437 tantum
1211 3387 1260 3437 ini-

149 3458 199 3518 tia,
218 3456 266 3508 sed
280 3458 356 3508 etiarn
369 3465 483 3508 extrema
495 3458 630 3509 bellorum.
645 3486 647 3490 ν
665 3458 729 3510 Nam
744 3474 803 3509 orae
817 3466 876 3508 sunt
895 3458 1076 3508 extremitates.
1111 3458 1156 3507 Est
1176 3465 1261 3509 autem

150 3527 305 3577 Ennianum:
325 3529 385 3590 qni·
400 3544 423 3577 e.
440 3544 465 3590 q.
481 3543 502 3577 s.
574 3530 597 3577 11
616 3528 761 3579 Macrobius
775 3529 829 3580 Sat.
843 3529 878 3579 Vl
893 3526 906 3576 l
923 3543 949 3593 p.
959 3525 1077 3577 causan.
1096 3527 1261 3578 ‘concilium-

150 3610 198 3659 que
210 3606 286 3647 uocat
300 3598 388 3658 diuum
402 3605 563 3663 poteratque
577 3597 708 3649 hominum
720 3609 775 3650 rex.
798 3598 873 3663 [Aen.
886 3597 910 3646 X
919 3595 947 3662 2]
966 3597 1062 3646 Ennius
1077 3599 1104 3647 in
1115 3607 1189 3648 sexto
1204 3599 1261 3648 ...’

184 3665 220 3716 111
252 3666 360 3718 Seruius
379 3668 406 3718 in
427 3669 491 3717 Aen.
512 3668 572 3717 Vlll
594 3667 645 3719 361
675 3670 747 3720 ‘alii'
776 3669 832 3735 (sc.
854 3668 942 3719 dicunt
963 3667 1084 3733 carinas)
1109 3667 1193 3732 ‘quod
1210 3667 1260 3717 ibi!

151 3858 389 3960 miselisnthrtt.
499 3886 550 3942 176
571 3883 667 3939 hastas
682 3884 748 3939 add.
764 3884 895 3941 Columna
1002 3884 1053 3941 177
1071 3881 1187 3950 flumen]
1203 3879 1264 3935 fluit

152 3963 250 4022 Saluo.
272 3966 347 4022 Mea.
368 3984 404 4021 m.
420 3986 471 4041 pr.
578 3969 629 4028 178
657 3969 703 4040 qui
722 3970 802 4025 Flor.
818 3969 888 4024 Par.
904 3985 922 4022 a
943 3967 1035 4024 Turio.
1053 3967 1143 4039 Guelf.
1166 3964 1262 4038 Camp.

152 4048 313 4116 Quintiliani
318 4093 325 4119 ,
345 4049 444 4108 Salisb.
463 4050 598 4108 Macrobii
603 4095 610 4122 ,
634 4052 749 4108 Seruius
835 4054 1034 4109 orareuolnere
1050 4053 1121 4108 Par.
1137 4070 1165 4105 a.
1180 4048 1262 4106 or'ase

151 4136 268 4191 uoluere
289 4135 359 4190 Par.
383 4136 399 4191 b
418 4137 566 4193 Diomedae.
588 4154 692 4194 causas
713 4141 847 4194 euoluere
875 4138 1057 4207 Quintilianus
1142 4135 1263 4207 ingentis

153 4235 218 4276 oras
235 4222 314 4289 beili]
330 4220 369 4292 cf.
386 4221 582 4277 Lachmannus
597 4223 636 4276 ad
650 4223 733 4278 Lacr.
752 4223 772 4278 I
776 4224 802 4280 V
813 4229 864 4283 141
972 4226 1023 4283 179
1043 4229 1107 4277 lunc
1124 4222 1214 4293 Neap.

197 4311 247 4366 181
268 4313 328 4363 aira
342 4323 395 4362 om.
409 4306 526 4363 Seruius
611 4314 638 4361 el
651 4315 748 4364 contra
759 4311 890 4364 earinans
907 4310 992 4371 uerba
1011 4315 1093 4378 atque
1112 4305 1265 4362 Salmasius
