2834 4988
490 387 785 447 rucunronvu
809 391 1037 449 urunoavu

696 499 718 540 'l
743 558 789 628 xl

542 680 660 766 topper
683 699 782 768 quam
802 698 898 745 nemo
920 678 1037 747 melius
1057 680 1119 748 seit

373 979 381 994 .
435 980 443 994 .
498 982 505 995 .
561 982 568 996 .
622 929 664 997 ad
685 932 850 997 armenias
871 931 975 1020 ipsius
996 931 1130 999 easdem

731 1064 803 1133 XIII

623 1182 684 1250 liae
703 1183 797 1251 niues

725 1318 802 1387 XIV

749 1435 858 1505 buxus
879 1457 1019 1502 araneae

538 1688 647 1757 buxus
668 1688 772 1775 uicta,
799 1694 898 1759 taxus
919 1693 1017 1757 lousa

723 1838 802 1907 XVI

417 1962 515 2048 atque
539 1981 650 2050 genua
672 1956 854 2047 comprimit
877 1961 948 2026 arta
971 1978 1059 2047 gena

208 2168 246 2206 est
267 2156 331 2207 libro
350 2159 480 2209 secundo)
517 2160 554 2208 XI
573 2161 662 2210 Festus
679 2176 706 2226 p.
721 2157 774 2210 352
787 2159 820 2208 Μ.
847 2157 967 2207 ‘Sinnius
985 2173 1045 2207 uero
1064 2158 1114 2207 sic:
1134 2165 1254 2222 topper
1274 2156 1331 2207 lor-

209 2237 277 2276 tasse
297 2228 363 2277 ualet
382 2229 407 2276 in
421 2229 485 2278 Enni
502 2239 525 2279 et
538 2230 615 2279 Pacui
635 2231 747 2296 scriptis.
770 2228 839 2293 apud
857 2228 966 2276 Ennium
986 2236 1037 2276 est:
1059 2229 1162 2292 topper'
1184 2244 1206 2275 e.
1223 2243 1249 2290 q.
1267 2243 1290 2277 s.

244 2298 289 2346 XII
310 2297 414 2347 Seruius
437 2299 541 2348 inAen.
559 2301 659 2352 111540
678 2301 811 2349 ‘dixerunt
829 2299 904 2346 etiam
927 2298 1024 2359 antiqui
1046 2306 1189 2346 armenta
1210 2298 1236 2346 in
1250 2297 1330 2347 lerni-

209 2369 277 2415 nino.
306 2368 401 2417 Ennius
417 2369 463 2416 ...'
492 2369 588 2418 Nonius
603 2386 629 2434 p.
646 2369 752 2429 1oo,2o
771 2372 932 2417 ‘armenta
946 2383 1039 2432 genere
1052 2376 1141 2416 neutro
1155 2367 1328 2432 plerumque;

209 2436 332 2487 feminino
353 2438 464 2487 Ennius:
489 2439 597 2503 ipsius
613 2439 651 2488 ad
671 2446 832 2488 armentas
852 2438 994 2496 eosdem3
1015 2438 1049 2486 ad
1061 2439 1192 2486 armenta!
1227 2437 1329 2487 Paulus

211 2506 278 2556 l'esti
292 2521 318 2571 p.
334 2509 351 2556 4
365 2506 397 2555 tl.
423 2509 613 2557 ‘armentum
634 2508 661 2558 id
674 2523 755 2573 genus
768 2507 869 2571 pecoris
883 2507 1041 2571 appellatur,
1061 2507 1130 2570 quod
1143 2515 1181 2556 est
1201 2507 1327 2557 idoneum

210 2575 243 2624 ad
259 2590 324 2640 opus
342 2591 477 2624 armorum.
511 2579 627 2627 lnucnies
642 2585 726 2628 tamen
744 2577 865 2626 feminine
884 2586 1047 2626 armentas
1066 2577 1135 2641 apud
1147 2577 1258 2626 Ennium
1276 2591 1329 2641 po·

211 2646 307 2693 situm.'
342 2645 384 2694 Ad
396 2645 455 2694 Caci
471 2647 515 2707 qui
528 2647 607 2696 boues
621 2647 737 2697 Herculis
751 2646 871 2711 abegerat
887 2648 1056 2696 narrationem
1072 2643 1149 2696 refert
1163 2645 1290 2696 Columna

245 2714 307 2763 XIII
335 2716 447 2763 Incertus
469 2714 501 2764 de
523 2718 659 2782 generibus
678 2717 808 2766 nominum
832 2731 858 2780 p.
879 2716 912 2765 8¹.)
935 2717 976 2765 ed.
997 2718 1091 2781 Haupt.
1123 2717 1193 2766 ‘nix
1218 2717 1328 2781 generis

211 2784 341 2841 feminini,
361 2791 388 2832 ut
401 2784 498 2833 Ennius
513 2787 558 2834 ...’
629 2786 690 2837 XIV
709 2786 845 2851 Nouiusp.
863 2785 921 2845 192,
938 2787 970 2835 13
994 2790 1147 2835 ‘araneae
1167 2784 1327 2835 etieminiui

211 2861 269 2902 sunt
282 2855 384 2919 generis
397 2879 434 2897 r·-
446 2880 479 2890 -
495 2855 591 2904 Ennius
607 2857 651 2905 ...'
722 2855 769 2904 XV
790 2855 887 2905 Nouius
900 2871 925 2920 p.
944 2855 1001 2915 194,
1015 2854 1049 2904 ⁶23
1071 2857 1199 2904 ‘buxum
1217 2856 1327 2920 generis

210 2923 293 2973 neutri
372 2922 669 2976 seminarentur..)
740 2924 800 2974 XVI
824 2925 937 2974 Isidorus
955 2924 1024 2989 Orig.
1047 2925 1083 2973 XI
1106 2926 1117 2974 I
1144 2928 1244 2990 ‘genua
1264 2933 1328 2974 sunt

210 2992 402 3043 commissiones
415 2992 540 3044 femorum
555 3003 579 3045 et
596 3009 696 3045 crurum
713 3001 737 3044 et
751 2993 819 3043 dicta
832 3010 917 3059 genua
929 3009 958 3044 eo
973 2995 1041 3057 quod
1060 2996 1085 3042 in
1100 3003 1169 3043 utero
1184 2995 1235 3043 sint
1248 2995 1328 3059 genis

213 3064 340 3129 opposita,
377 3063 517 3115 Cohaerent
539 3066 607 3114 enim
628 3065 676 3115 ibi'
696 3064 779 3128 (sihi
796 3064 842 3113 ibi
855 3061 948 3129 uulgo)
968 3068 1008 3113 ‘et
1027 3072 1135 3129 cognata
1152 3072 1210 3112 suut
1229 3063 1326 3124 oculis,

213 3133 394 3184 lacrimarum'
459 3134 516 3184 'bus
529 3142 554 3184 et
567 3135 766 3185 mIsericordIae.
794 3132 857 3182 Nam
873 3149 888 3182 a
902 3135 975 3198 genis
988 3148 1072 3198 genua
1088 3134 1213 3183 dicuntur.
1243 3133 1327 3183 Deni-

212 3219 261 3266 que
279 3218 352 3267 comp
497 3205 551 3253 'ui
569 3205 725 3267 formarique
745 3202 874 3252 hominem
891 3204 993 3262 dieunt,
1017 3205 1053 3253 ita
1070 3211 1096 3251 ut
1114 3218 1198 3269 genua
1218 3216 1326 3253 sursum

210 3275 275 3333 sint,
300 3272 410 3335 quib
564 3283 651 3335 antur,
676 3281 704 3323 ut
722 3273 778 3323 caui
798 3280 822 3321 et
841 3273 966 3322 reconditi
984 3272 1054 3322 liant.
1089 3273 1198 3322 Ennius:
1224 3282 1327 3336 atquo

210 3357 314 3408 genua
335 3350 403 3393 com
490 3304 520 3393 it
541 3352 611 3393 arta
631 3358 721 3409 geno.
756 3341 817 3391 Inde
835 3351 873 3392 est
890 3343 958 3405 quod
971 3342 1096 3401 homines,
1116 3343 1176 3391 dum
1190 3341 1223 3391 ad
1236 3357 1327 3407 genua

209 3429 237 3462 se
250 3413 520 3478 prosternumtatim
533 3412 704 3462 lacrimantur
724 3411 812 3460 Voluit
825 3413 892 3461 enim
906 3426 949 3461 eos
964 3420 1054 3460 natura
1066 3421 1164 3461 uterum
1179 3419 1326 3462 maternum

210 3483 353 3540 reuocare',
381 3480 563 3547 (remorare
586 3482 670 3533 Guell.
691 3482 750 3532 duo
771 3482 981 3532 rememorari
1004 3478 1097 3547 uulgo)
1121 3481 1182 3530 ‘ubi
1202 3481 1277 3544 quasi
1297 3483 1327 3532 in

210 3551 321 3602 tenebris
336 3551 511 3609 considebant,
531 3560 665 3614 antequam
679 3550 841 3616 peruenirent
857 3552 890 3600 ad
903 3551 1004 3600 lucem!
1034 3550 1120 3600 Verba
1133 3566 1197 3612 quae
1210 3559 1270 3600 sunt
1285 3552 1328 3602 ad

210 3635 348 3686 genua..
358 3620 591 3670 lacrimantes
607 3622 730 3671 Columna
748 3628 877 3682 tamquam
891 3620 1069 3670 hexametrum
1082 3621 1155 3670 Ennii
1170 3604 1386 3686 fragmentis-⁸

210 3690 315 3740 adiecit:
333 3704 478 3755 perperam.
509 3691 591 3752 Atque
604 3691 668 3741 adeo
684 3691 716 3740 de
728 3690 840 3739 altero
820 3705 843 3738 st
855 3691 895 3740 drs
908 3690 992 3755 placet
1006 3691 1080 3739 Ennii
1095 3690 1203 3739 frustulo
1217 3689 1326 3741 dubito.
1377 3698 1384 3713 ⁴

142 3760 145 3768 '
210 3759 279 3822 quod
304 3758 374 3808 haud
397 3761 450 3809 scio
476 3775 508 3808 au
535 3773 584 3809 non
609 3760 740 3809 diuersum
766 3759 799 3808 sit
823 3759 854 3808 ab
879 3759 934 3808 Iris:
963 3761 1182 3826 imprimitque
1214 3770 1339 3825 genaa'
1397 3768 1405 3793 ·'

209 3843 321 3893 genam
350 3826 443 3894 [Trag.
465 3827 547 3892 4361,
582 3845 647 3892 quae
667 3829 828 3892 nescioquis
852 3829 885 3879 ad
902 3843 984 3895 genae
1003 3845 1076 3878 usum
1101 3827 1409 4069 comprobanaeq

209 3898 302 3947 Isidori
320 3898 406 3947 uerbis
423 3899 579 3965 ascripserit.
616 3899 669 3949 Nec
687 3900 754 3950 enim
775 3898 820 3948 illa
836 3906 864 3947 ut
886 3913 952 3947 nuno
973 3899 1091 3965 leguntur
1107 3900 1244 3961 quicquam
1310 3956 1314 3965 Ι
1354 3904 1368 3939 '³

209 3975 253 4016 aut
271 3967 304 4017 ad
324 3983 377 4017 rem
391 3969 576 4019 accommodati
592 3971 733 4031 continent,
752 3984 799 4019 nec
813 3976 881 4017 caret
894 3977 922 4017 ut
935 3978 997 4033 puto
1018 3969 1060 4018 hic
1072 3967 1143 4017 locus
1159 3968 1284 4033 alienisq
1326 4028 1329 4033 ι
1378 4006 1381 4011 .

207 4037 316 4087 busdam
332 4037 512 4089 additamentis

252 4217 286 4271 12
309 4213 398 4285 ipsius
414 4213 451 4269 ad
472 4221 612 4272 armenias
630 4215 746 4272 eosdem
764 4212 870 4272 Nonius
955 4218 988 4273 15
1016 4214 1109 4273 uineta
1128 4211 1242 4273 Iuniae.
1269 4215 1332 4278 ieta

207 4296 354 4354 Mereerus
438 4306 520 4356 taxus
532 4301 642 4358 lunius.
659 4302 731 4357 taxis
747 4301 812 4356 libri
