2834 4988
142 395 281 442 xxxvnr
534 383 850 452 QVAESTloNES

141 551 206 610 (lios
229 549 330 609 hostes
349 568 383 608 se
405 550 564 608 inferentes
586 549 718 627 procliue
739 558 783 607 est
807 565 981 623 agnoscere.
1026 546 1148 606 Relicua
1170 546 1197 605 lr.
1221 565 1247 605 e.

142 656 177 715 ir.
199 653 297 713 LXVl.
323 653 435 713 lllVll.
461 652 578 713 Llll'lll
601 654 745 714 llersiliae
768 654 857 714 uerba
879 672 947 712 esse
975 649 1128 731 probabile
1156 657 1185 707 et
1212 667 1248 707 ox

144 770 227 840 parto
250 761 317 820 olim
340 761 518 819 intellectum
535 771 589 820 est.
636 761 681 820 Ad
701 779 762 820 rem
784 762 852 819 iacit
878 759 951 818 baec
982 758 1018 817 ab
1042 757 1076 816 Α.
1099 753 1195 814 Gellio
1214 752 1247 812 N.

145 867 179 926 Α.
202 865 269 926 ΧΙΙΙ
289 865 329 924 ’22
352 867 455 927 tradita
475 864 527 926 Gn.
551 866 638 927 Gellii
660 886 677 926 e
700 869 786 926 tertio
810 867 904 926 annuli
928 867 1069 925 narratio:
1089 866 1249 951 Hersiliam,

142 995 205 1034 cutm
226 978 304 1050 opud
326 978 357 1032 Τ.
383 978 489 1033 Tatium
508 977 593 1033 uerbo
612 977 722 1049 faceret
733 993 888 1050 precorque
913 983 1017 1043 oraret,
1045 978 1083 1030 ito
1104 979 1249 1045 precatam

143 1099 203 1140 esse
227 1070 352 1139 ‘Nerio
382 1083 514 1138 Martis
542 1093 571 1139 te
598 1084 759 1149 obsecro,
790 1098 912 1154 pacem
938 1084 997 1151 ila,
1025 1090 1064 1148 te,
1100 1082 1142 1136 utr'
1171 1081 1253 1135 licem

142 1193 246 1262 nuptiis
260 1193 389 1262 propriis
410 1197 438 1245 et
451 1193 599 1263 prosperis
619 1192 667 1257 uti,
689 1189 763 1261 quod
783 1190 817 1245 de
844 1193 883 1244 tui
902 1192 1025 1261 eaoiupr's
1047 1189 1158 1244 musitio
1186 1202 1250 1241 eom·

142 1299 206 1369 riou,
221 1299 261 1352 uti
273 1312 323 1352 uos
336 1298 425 1352 r'tr'dem
440 1301 561 1370 iutepras
574 1301 717 1366 raperent,
739 1295 813 1350 rrrrrle
829 1297 928 1352 liberos
941 1298 995 1352 sibi
1007 1303 1034 1352 rt
1046 1298 1112 1361 arria,
1126 1300 1252 1366 posterus

140 1405 253 1472 patriae
265 1403 426 1474 parareut’
448 1397 495 1459 Fr.
514 1398 629 1473 lxvii,
652 1398 688 1458 de
704 1416 763 1476 qno
778 1397 889 1457 blerula
905 1398 1045 1458 mirabilia
1061 1396 1250 1473 excogitauit,

143 1503 267 1563 Hersilia
290 1523 406 1563 sumens
430 1506 467 1564 de
490 1505 589 1565 suibus
611 1505 777 1583 exemplum
796 1504 942 1563 Romanos
958 1503 1142 1581 Sabinosque
1163 1521 1180 1562 a
1202 1520 1250 1580 pu·

143 1610 259 1687 gnando
272 1611 369 1670 studet
381 1630 484 1673 arcere
498 1613 553 1689 (cl,
568 1612 603 1675 A,
613 1610 743 1670 llocbius
753 1609 860 1670 Exere.
876 1613 937 1670 orit.
952 1629 979 1689 p.
990 1613 1037 1689 i),
1051 1620 1137 1688 atque
1152 1609 1251 1669 eadem

145 1717 296 1776 Romulum
319 1725 349 1776 et
370 1716 481 1777 Tatium
504 1721 663 1794 adhortari,
683 1726 713 1776 nt
736 1717 921 1776 concordiam
945 1717 1059 1789 inirent,
1083 1716 1197 1774 uidetur
1216 1714 1250 1773 ir.

144 1822 270 1883 LXVlll.
315 1822 381 1882 Non
403 1823 485 1902 plura
508 1824 544 1884 tle
567 1824 653 1884 bellis
676 1822 790 1882 Romuli
813 1822 908 1882 babeo
931 1841 1007 1900 quiae
1028 1839 1188 1900 exponam:
1218 1837 1252 1878 ac

145 1931 262 2007 parcius
286 1930 371 1988 etiam
396 1930 543 1990 derebus
574 1931 650 1989 domi
678 1931 772 2007 gestis
800 1928 953 1987 dicendum
981 1929 1051 1987 erit:
1081 1928 1117 1988 tle
1148 1925 1251 2005 quibus

144 2053 228 2093 unum
257 2034 352 2094 Varro
385 2037 422 2096 de
452 2037 482 2095 l.
510 2037 541 2095 L.
572 2037 597 2095 V
630 2039 670 2096 55
702 2036 739 2096 bl.
771 2035 924 2108 indicauit,
964 2033 1056 2093 tribus
1082 2052 1098 2093 a
1129 2032 1252 2092 Romulo

145 2143 287 2201 institutas
309 2160 344 2202 ac
366 2144 564 2202 denominatas
580 2142 701 2202 Ennium
721 2143 854 2218 tetigisse
872 2138 991 2218 (LXX).
1014 2138 1171 2225 mlxix
1184 2157 1251 2200 oon·

145 2257 256 2307 suetam
292 2248 428 2308 Romanis
468 2253 494 2308 in
529 2249 617 2308 robus
653 2246 792 2325 gerendis
833 2248 984 2306 iormulam
1023 2248 1168 2321 continet,
1207 2247 1251 2307 cui

145 2372 228 2412 unam
251 2363 360 2413 certam
383 2357 571 2415 occasionem
590 2355 729 2431 indagare
759 2370 816 2410 non
844 2353 923 2412 licet.
969 2351 1068 2413 Tatius
1095 2372 1110 2411 a
1133 2352 1251 2413 Lauina·

144 2458 221 2518 tibus
250 2468 411 2520 truncatur:
443 2461 497 2520 bac
529 2462 745 2538 opportunitate
776 2459 851 2518 bunc
882 2477 897 2517 a
930 2459 1125 2536 grammaticis
1154 2459 1251 2517 mirum

145 2565 281 2642 quotiens
309 2566 521 2642 frequentatum
548 2584 662 2626 uersum
684 2588 700 2626 o
725 2569 784 2626 Tite
808 2575 862 2625 tute
887 2569 950 2625 Tuti
973 2571 1021 2625 tibi
1039 2576 1116 2624 tauta
1134 2574 1253 2641 tyranne

144 2676 230 2730 tulisti
256 2669 379 2749 (LXXI)
405 2670 509 2730 elatum
545 2691 613 2732 esse
640 2673 730 2732 credo
753 2691 816 2732 cum
844 2671 1004 2733 Niebubrio
1032 2671 1104 2730 llist.
1134 2670 1216 2729 Rom.
1240 2669 1252 2728 Ι

144 2774 206 2835 259
232 2784 262 2834 et
292 2776 486 2854 Schweglero
514 2777 586 2837 llist.
617 2777 701 2837 Rom.
730 2779 836 2840 1516.
880 2778 1020 2838 Romulus
1050 2785 1152 2838 coorta
1181 2785 1249 2836 tem·

144 2890 271 2959 pestate,
295 2882 341 2959 (ut
365 2883 401 2941 de
424 2883 476 2942 illo
499 2884 556 2943 dici
579 2885 711 2945 uideatur
730 2905 809 2960 quem
830 2905 917 2963 anper
941 2892 1037 2963 imperas
1062 2890 1150 2945 Porta
1177 2893 1253 2944 tonat

144 2994 215 3048 caeti
235 2991 290 3049 inc.
309 2991 372 3050 sed.
398 2986 524 3065 CXXX,
553 2991 641 3049 modo
661 2990 734 3050 fides
752 3009 856 3051 auersus
884 2993 987 3052 melius
1012 2994 1177 3069 constaret)
1205 3009 1252 3049 ae·

145 3095 267 3156 cundum
290 3096 439 3156 decretum
461 3097 539 3158 lonis
560 3100 588 3157 in
611 3097 762 3176 Olympum
792 3099 935 3173 euehitur,
960 3098 1059 3158 biantis
1075 3099 1175 3175 equis:
1196 3099 1251 3159 boc

143 3204 218 3262 enim
240 3202 360 3263 fluxisse
382 3202 524 3263 exEnnio
547 3205 720 3264 crediderim
743 3205 820 3283 qurotl
835 3205 970 3264 lloratius
992 3205 1135 3281 significat
1155 3202 1249 3266 Garun.

143 3308 182 3368 111
205 3309 235 3383 3,
259 3310 296 3370 16
320 3310 384 3386 (uel
403 3311 512 3369 rectius
536 3311 565 3384 2,
588 3309 658 3389 48);
683 3320 713 3369 et
734 3310 854 3370 Ouidius
878 3309 954 3369 Fast.
978 3309 1003 3369 ll
1026 3311 1103 3372 496:
1126 3317 1191 3372 binc
1212 3323 1250 3373 to-

142 3424 199 3487 nat,
221 3418 285 3474 binc
305 3422 394 3474 musis
416 3420 590 3492 abrumpitur
611 3422 718 3492 ipuibus
737 3422 842 3478 aetber.
887 3422 936 3477 ru
953 3421 1037 3493 stepo:
1069 3438 1123 3478 rex
1152 3425 1252 3493 patriis

143 3530 222 3579 astru
246 3525 358 3596 petebat
384 3529 468 3598 equus.
528 3521 629 3601 Erepti
657 3526 736 3601 regis
764 3524 938 3585 desiderium
963 3524 1090 3603 populus
1117 3527 1251 3604 exprimit

142 3627 177 3686 ir.
202 3626 320 3686 cxxii:
352 3630 399 3706 qui
421 3647 541 3703 uersus,
564 3646 638 3707 quos
662 3629 837 3690 Niebubrius
860 3629 1015 3690 admiratur
1036 3631 1054 3690 Ι.
1080 3631 1099 3690 l.
1123 3649 1151 3709 p.
1178 3630 1250 3706 260,

143 3731 223 3791 Liuio
253 3731 401 3793 obuersati
422 3752 489 3794 esse
512 3735 660 3810 uidentur,
691 3753 754 3793 cum
777 3734 852 3795 baec
874 3735 1019 3796 scriberet
1039 3737 1051 3796 Ι
1074 3737 1126 3798 16:
1155 3742 1252 3798 demde

142 3860 161 3897 o
185 3845 289 3914 paucis
319 3846 392 3900 initio
422 3843 499 3914 sueto
534 3844 614 3899 eleum
651 3845 701 3899 deo
733 3850 826 3900 uatum
854 3861 945 3918 repem
970 3854 1171 3919 parentemque
1201 3865 1248 3903 ur·

143 3950 184 4004 bis
203 3948 349 4006 Romanae
370 3951 481 4006 saluere
502 3953 627 4006 uniuersi
640 3951 784 4006 Romulum
807 3953 912 4015 iubeut;
928 3969 1029 4026 pacem
1049 3953 1179 4026 precibus
1199 3969 1248 4010 etc-

135 4064 269 4128 poseuut,
287 4063 328 4113 uti
346 4059 440 4113 uolens
461 4059 597 4129 propitius
618 4073 697 4112 suum
719 4073 829 4129 semper
857 4061 969 4130 sospitet
990 4061 1161 4132 properarem.
1227 4053 1250 4114 E

140 4157 255 4217 Proculi
267 4156 328 4216 lulii
342 4161 474 4220 oratione
487 4168 577 4218 restat
589 4158 624 4218 ir.
636 4158 762 4220 blllllll.
791 4159 952 4219 Proximum
965 4179 1080 4220 uersum
1097 4159 1248 4238 (LXXIV)

141 4265 186 4324 cui
208 4262 357 4324 tribuerim
380 4267 492 4341 nescio,
517 4284 572 4324 nec
595 4266 714 4325 multum
737 4269 811 4327 inter
826 4275 885 4334 est;
909 4267 966 4328 hoc
985 4276 1080 4327 tamen
1099 4267 1164 4326 inde
1179 4283 1248 4327 con·
