2834 4988
525 414 768 486 nsnrqvmn

592 583 702 655 LXIV
796 650 801 657 .

192 775 199 791 .
252 723 310 790 eui
332 720 518 812 penneceal
540 718 656 809 peries
670 694 854 810 peremis
869 708 976 784 trilaci

600 866 697 939 LXV

58 1105 64 1121 ι
103 1013 163 1073 525
192 1058 199 1072 .
255 1002 334 1073 illud
356 1026 422 1098 quo
444 1003 508 1073 iam
531 1002 636 1074 semel
657 1004 710 1113 est
731 1000 866 1071 imbulu’
886 1021 1016 1069 ueneno

591 1153 705 1235 LXVI

194 1286 287 1356 Sicut
311 1285 416 1381 siquis
435 1290 520 1359 feret
535 1312 598 1359 uas
616 1287 684 1359 uini
703 1286 904 1358 dimidiatum

583 1438 707 1510 LXVII

193 1548 303 1661 Atque
322 1572 421 1663 elque
439 1571 564 1642 accedit
581 1592 695 1642 muros
716 1566 865 1640 Romane
884 1567 1048 1640 iuuentus.

580 1720 717 1793 XLVIII

256 1903 264 1919 .
318 1851 535 1948 fortunasque
556 1875 637 1924 suas
657 1875 798 1943 coepere
818 1851 963 1933 lalrcnes

195 1953 282 2024 lnler
301 1977 338 2024 se
361 1979 553 2029 memorare.

595 2108 702 2181 LXIX

109 2246 169 2308 530
197 2239 322 2308 Elludil
340 2260 441 2311 ncces
463 2242 692 2335 propriorum
714 2243 848 2332 pectore
868 2241 993 2308 sencio.

95 2476 199 2492 .......
201 2439 227 2507 ]:
242 2443 364 2493 inuictus'
383 2459 405 2493 e.
421 2458 446 2506 q.
459 2459 481 2495 e.
508 2443 584 2495 Ennii
596 2459 699 2495 uersum
714 2451 773 2509 post
783 2442 921 2494 Decerium
934 2441 963 2493 Ο.
979 2441 1116 2492 Muellerus
1128 2457 1208 2509 ugno-

93 2511 130 2560 uit
189 2511 281 2564 'LXIV
303 2512 398 2563 Paulus
417 2514 486 2565 Festi
505 2530 531 2580 p.
547 2513 598 2566 307
614 2515 647 2565 M.
673 2514 807 2564 ‘trilex'
830 2512 984 2579 (trIphex
1004 2514 1081 2562 ‘boni
1103 2511 1208 2579 ccdd.')

95 2580 189 2630 ‘telum
210 2581 379 2649 longitudinis
397 2585 474 2634 trium
494 2585 654 2645 cubitorum,
674 2585 743 2648 quod
755 2583 885 2650 catapulta
902 2583 1017 2634 mittitur.
1044 2584 1142 2633 Ennius
1155 2583 1206 2634 ...'

162 2650 233 2703 LXV
251 2653 341 2703 Festus
362 2668 389 2721 p.
408 2652 460 2706 376
477 2655 511 2704 M.
536 2652 746 2720 ι[ιιειιιιιιιιιί]
768 2654 886 2704 dicebant
906 2654 1019 2717 antiqui,
1043 2655 1116 2703 cuius
1137 2653 1208 2712 color

90 2719 230 2773 inliciendo
245 2730 372 2783 mutetur,
390 2730 419 2772 ut
430 2725 528 2774 Ennius
545 2741 614 2774 cum
632 2725 681 2774 eit:
701 2739 758 2774 cum
770 2723 849 2775 illud’
873 2740 896 2775 e.
911 2740 936 2787 q.
952 2740 974 2774 s.
1047 2723 1130 2774 LXVI
1149 2723 1208 2774 Gel-

94 2790 144 2839 lius
157 2792 193 2841 IlI
206 2792 239 2843 14
257 2793 425 2856 ‘disseritque
445 2809 475 2843 ec
493 2795 599 2845 diuidit’
627 2792 738 2860 (Vnmo)
759 2793 957 2855 ‘subtilissime,
985 2794 1047 2858 quid
1072 2794 1208 2845 dimidium

94 2860 227 2912 dimiditrtd
256 2862 357 2914 intersit
383 2871 408 2913 et
436 2863 465 2922 Q.
494 2865 616 2916 Ennium'
646 2862 682 2930 (q
709 2865 766 2913 Per.
795 2863 860 2930 Reg.
903 2879 962 2927 que
986 2864 1108 2914 henniri
1128 2861 1208 2927 Vel.)

95 2930 218 3003 {scienter
230 2931 279 2983 hcc
296 2933 322 2983 in
340 2933 475 2984 annalibus
488 2935 588 2985 dixisse
609 2934 657 2983 sit:
686 2934 788 2984 sicuti
882 2934 1102 2993 dimidiatum
1132 2935 1207 2984 sicuti

94 3015 155 3065 pers
167 3017 234 3065 quse
247 3000 320 3053 deest
336 3004 360 3053 ei
381 3018 444 3055 uaso
460 3019 510 3054 non
529 3003 664 3054 dimidIsts
678 3003 787 3055 dicende
805 3011 844 3053 est
862 3003 909 3053 sed
927 2999 1052 3054 dimidia!
1080 3003 1209 3068 (dixis-

95 3077 143 3134 set,
162 3073 209 3130 eit
223 3109 230 3120 .
244 3073 353 3122 sicuti.
386 3071 508 3137 Siquis
527 3072 602 3138 Vat.)
671 3073 766 3123 LXVII
785 3072 882 3123 Gellius
896 3072 921 3123 X
936 3072 970 3123 29
992 3073 1108 3140 (etque
1128 3074 1208 3139 perti-

95 3140 167 3207 cule)
185 3143 303 3209 ‘gemina
317 3144 340 3192 si
353 3142 411 3203 liet,
430 3151 507 3210 auget
520 3144 678 3206 intenditque
691 3159 759 3202 rem,
778 3143 810 3192 de
827 3155 877 3206 qua
888 3143 988 3208 agitur,
1006 3149 1033 3193 ut
1045 3143 1208 3193 animaduer-

94 3212 172 3263 timus
185 3213 211 3261 in
224 3211 253 3270 Q.
268 3213 357 3263 Ennii'
374 3212 495 3278 (inque
509 3213 582 3264 enni
596 3211 695 3279 Lugd.)
715 3212 885 3272 ‘ennelibns‚
904 3212 955 3261 nisi
973 3213 1097 3263 memorie
1114 3213 1140 3263 In
1158 3213 1208 3262 hcc

95 3297 172 3332 uersu
188 3282 273 3333 leber:
297 3284 389 3345 etque’
410 3300 433 3334 e.
454 3300 479 3347 q.
499 3299 521 3336 s.
547 3283 765 3349 (liberetque
785 3282 861 3333 Bem.
882 3283 959 3332 Voss.
984 3281 1085 3342 labet,
1111 3291 1208 3346 etque

95 3349 175 3418 Reg.)
202 3350 299 3403 Nonius
312 3367 339 3418 p.
353 3352 444 3414 530,3
469 3358 577 3417 ‘atque
595 3352 736 3419 particule,
755 3353 778 3402 si
792 3352 941 3419 diligentius
954 3351 1124 3418 Intellegitur,
1141 3352 1208 3402 mul-

95 3430 147 3471 tam
166 3419 242 3472 hebet
260 3422 474 3489 significandam,
493 3431 520 3473 ut
536 3423 579 3472 nel
597 3422 663 3473 illud
682 3430 721 3473 est
732 3423 813 3472 Enni:
833 3430 909 3486 utque
985 3423 1117 3484 iuuentus3
1138 3424 1208 3486 quud

95 3498 134 3541 est
156 3490 249 3542 festine
267 3501 292 3543 et
312 3493 496 3559 intrepidanter
518 3492 651 3544 accendit)
722 3492 830 3543 LXVIII
847 3491 945 3544 Nonius
964 3509 991 3559 p.
1015 3491 1074 3554 1³4,
1092 3492 1126 3546 29
1147 3493 1208 3543 ‘le-

95 3560 276 3622 trccineri‚
301 3563 405 3613 militari
423 3563 549 3614 mercede.
582 3563 687 3613 Plautus
705 3563 857 3612 -Ennius
877 3565 929 3614 ...’
1000 3563 1084 3614 LXIX
1101 3562 1207 3614 Seruius

95 3631 122 3679 in
136 3629 228 3697 Georg.
244 3633 334 3684 11424
358 3633 495 3700 ‘grauidas
514 3649 571 3683 cum
591 3640 695 3684 uomere
714 3633 815 3700 fruges:
836 3649 905 3684 eum
925 3632 1038 3684 abundet
1057 3662 1092 3673 -
1104 3662 1140 3672 —
1156 3635 1206 3684 En-

138 3844 190 3897 524
208 3845 385 3909 permaneret
397 3838 468 3908 libri,
484 3845 573 3896 tuetur
583 3839 617 3919 ᾼ.
628 3838 752 3896 Kocliius
763 3838 871 3897 Exere.
886 3840 948 3896 crit.
959 3858 992 3912 p.
1008 3844 1035 3899 8.
1050 3841 1209 3911 perluceret

97 3922 129 3977 0.
142 3922 294 3980 Muellerus
400 3930 452 3984 525
465 3940 531 3981 cum
544 3922 614 3983 illud
628 3926 689 3982 ted.
705 3942 779 3997 cupa
794 3922 1069 3985 uindemiarum
1155 3927 1207 3982 Im-

94 4009 161 4064 buta
178 4009 239 4066 cod.
347 4014 398 4069 526
414 4011 486 4066 sicut
498 4009 697 4083 lachernum
710 4010 750 4066 cd
761 4011 848 4067 lucr.
861 4006 900 4066 ΙΙ
910 4013 972 4069 536.
990 4011 1070 4066 siruti
1083 4012 1146 4067 libri

138 4095 190 4152 527
221 4095 338 4150 atterum
364 4103 447 4166 atque
470 4111 524 4152 orn.
546 4095 666 4166 Noram,
692 4096 762 4167 Rep.
785 4095 875 4164 Gellii,
902 4108 1046 4166 repertor.
1071 4098 1100 4151 itt
1128 4095 1207 4152 Voss.

181 4180 310 4236 accendit
325 4180 409 4236 Nomi
420 4181 491 4236 libri.
508 4179 637 4238 escendit
650 4182 694 4236 cd.
711 4186 780 4240 1480
793 4181 877 4237 Nonii
982 4184 1034 4238 528
1049 4197 1115 4236 suas
1129 4180 1206 4236 Mer-

93 4277 187 4319 cerue.
218 4280 288 4334 quas
315 4266 379 4321 libri
400 4281 462 4321 eum
482 4264 582 4321 Bamb.
669 4281 771 4336 cepere
799 4264 898 4321 Bamb.
1005 4269 1057 4323 529
1080 4266 1150 4321 Inter
1175 4283 1207 4322 se

94 4362 159 4403 rere
174 4347 250 4403 leid.
957 4361 959 4366 '
