2834 4988
219 412 382 460 nxxxvnn
621 403 934 474 ovansnrouus

218 578 300 630 recte
327 569 457 629 sensisse
490 568 619 629 liitterus
644 570 663 630 l.
686 570 705 629 l.
731 589 758 649 p.
783 570 844 631 39⁴
870 571 1000 646 uidetur,
1034 573 1082 651 qui
1111 572 1147 632 ir.
1171 571 1212 633 lX
1234 571 1322 633 relata

220 686 314 737 morte
335 677 481 755 Scipionis
504 676 646 736 extulisse
666 684 783 754 potitam
804 680 939 738 coniecit.

303 783 423 843 Vnicum
444 783 530 842 libri
552 792 758 843 saturarum
780 787 904 862 quarti
924 786 1115 862 fragmentum
1135 785 1269 865 adposui,
1284 787 1326 845 cui

219 892 376 952 Sotadeum
393 909 539 950 numerum
555 909 622 949 esse
636 899 665 950 et
681 890 802 969 llugium
815 911 901 951 aures
913 891 1076 951 docuerunt
1091 901 1120 953 et
1133 902 1272 970 poteraut
1287 893 1326 953 ia·

224 1000 280 1060 cile
299 998 429 1078 quemuis
446 996 531 1056 alium
549 996 668 1056 docere.
693 998 752 1058 Sed
772 1000 849 1076 quod
865 999 1006 1059 hocloco
1021 999 1048 1059 id
1065 1008 1110 1058 est
1126 1001 1201 1059 inter
1217 1008 1326 1060 saturas

222 1105 313 1182 edidi,
336 1105 393 1165 hoc
416 1121 482 1163 meo
503 1104 635 1182 periculo
648 1104 772 1181 iactum,
794 1105 936 1185 siquidem
950 1106 1131 1185 periclitatur
1143 1116 1172 1167 et
1192 1108 1240 1186 qui
1255 1106 1327 1166 alius

223 1213 412 1292 suspitionem
434 1209 539 1289 probat
558 1219 587 1269 et
610 1215 755 1289 quisnam
779 1216 975 1273 coniecturam
994 1212 1120 1293 probare
1137 1213 1201 1273 allis
1222 1212 1325 1273 studet.

220 1319 333 1397 Nempe
356 1335 412 1377 non
436 1338 452 1378 e
475 1319 579 1377 saturis
602 1319 732 1380 adfertur
754 1319 837 1380 locus
856 1339 872 1381 a
890 1319 1041 1381 llacrobio
1060 1320 1120 1379 Sat.
1133 1319 1204 1381 vlo
1226 1340 1255 1399 p.
1268 1319 1326 1381 527

219 1426 302 1500 Jam,
325 1425 377 1484 sed
402 1444 418 1484 e
442 1424 539 1484 libro
562 1426 780 1487 Sabinarum
803 1436 949 1506 quarto.
986 1427 1017 1486 ln
1040 1429 1221 1507 quoprimus
1242 1446 1327 1508 quao-

221 1543 277 1592 mm
300 1534 430 1611 comperi
449 1531 542 1591 haesit
563 1532 721 1607 Columna,
743 1535 790 1611 qui
814 1534 937 1594 Sabinas
959 1536 1070 1614 expulit
1097 1554 1113 1595 e
1142 1537 1329 1613 grammatico

221 1648 250 1698 et
268 1648 427 1698 saturarum
456 1639 578 1698 iudicem
598 1639 733 1713 restituit,
756 1658 820 1698 cum
836 1658 892 1702 oec
908 1641 976 1702 alibi
992 1642 1160 1703 laudaretur
1174 1642 1241 1702 talis
1258 1644 1330 1702 inter

221 1746 304 1808 Ennii
332 1745 472 1824 reliquias
497 1745 595 1805 titulus
617 1755 647 1805 et
672 1746 805 1805 extitisse
828 1755 963 1825 quattuor
990 1747 1093 1809 saltem
1116 1757 1277 1809 saturarum
1297 1749 1329 1809 li·

222 1853 292 1914 bros
323 1851 532 1930 Porphyrionis
561 1853 727 1912 testimonio
754 1861 915 1913 constaret:
944 1853 982 1912 ci.
1014 1871 1042 1932 p.
1065 1853 1222 1915 LXXXIV.
1268 1851 1330 1915 Ne’c

220 1962 257 2022 de
281 1979 315 2020 ea
338 1979 370 2019 re
395 1976 566 2038 quemquam
590 1958 781 2019 dubitaturum
801 1960 892 2020 luisse
916 1961 1032 2038 opinor,
1052 1961 1106 2020 nisi
1127 1963 1152 2021 is
1169 1979 1256 2041 quern
1272 1961 1329 2022 An·

219 2068 279 2146 geli
302 2065 358 2126 llai
382 2067 519 2126 industria
536 2084 552 2125 a
572 2068 626 2126 situ
650 2075 679 2126 et
702 2066 850 2126 obliuione
873 2065 1029 2127 uindicauit
1050 2066 1139 2128 lulius
1153 2068 1259 2131 Victor
1273 2071 1328 2132 cii

220 2195 248 2255 p.
273 2174 334 2234 224
359 2173 409 2232 Or.
432 2174 507 2233 alter
530 2172 699 2234 Sabinarum
728 2175 811 2233 testis
841 2174 994 2233 extitisset.
1038 2174 1077 2234 Vt
1098 2177 1153 2235 iam
1174 2176 1251 2237 male
1272 2194 1329 2237 me·

221 2281 278 2340 reri
301 2280 337 2340 de
359 2279 452 2339 Ennio
474 2279 624 2355 uideatur,
654 2283 701 2360 qui
725 2281 782 2341 hoc
806 2281 882 2341 libro
905 2289 1021 2360 poetam
1045 2282 1244 2344 defraudatum
1268 2292 1328 2344 eat:

222 2407 284 2448 cum
304 2388 475 2466 praesertim
495 2386 538 2445 his
562 2405 636 2466 quae
659 2387 733 2447 lolio
756 2387 869 2447 Victori
892 2387 1035 2448 debentur
1057 2387 1171 2449 uerbis:
1189 2409 1252 2450 eam
1270 2409 1330 2466 apo-

221 2503 259 2557 lia
285 2503 395 2573 persoir
417 2501 606 2571 detraxeritis,
631 2497 720 2566 Οααηι
743 2502 954 2572 inscriptionem
977 2500 1094 2556 dabitis?
1118 2496 1189 2575 (inc.
1212 2504 1266 2559 sat.
1289 2495 1329 2575 V)

220 2612 343 2683 perapte
367 2601 491 2662 Sabinae
514 2609 675 2679 pugnantes
699 2609 799 2662 contra
822 2604 949 2680 ipsarum
971 2604 1090 2663 maritos
1110 2602 1236 2664 Sabinos
1253 2620 1328 2664 com·

223 2711 334 2788 pellare
358 2711 517 2771 uideantur.
565 2706 602 2767 m
625 2708 674 2767 uel
702 2709 748 2768 sic·
767 2708 959 2768 uehementer
983 2708 1121 2787 displicet
1142 2718 1279 2789 qurattuor
1299 2709 1328 2768 li·

221 2815 281 2876 bris
310 2818 334 2876 si
362 2816 405 2876 dis
435 2817 533 2896 placet
562 2824 709 2875 exaratum
738 2814 774 2874 de
804 2815 919 2874 Sabinis
948 2831 1064 2874 carmen
1096 2815 1213 2893 epicum
1247 2815 1328 2894 (quid

222 2926 295 2984 enim
317 2924 403 2984 luerit
422 2933 577 3003 praeterea
597 2921 650 2978 nisi
673 2919 786 2995 epicum
806 2917 947 2999 fueriti),
970 2921 1051 2980 cuius
1070 2919 1179 2980 nullum
1199 2920 1268 2981 alibi
1289 2923 1328 2980 io·

220 3030 323 3091 dicium
347 3040 437 3091 extet.
471 3029 501 3090 ld
524 3028 601 3109 quod
617 3027 729 3105 llogius
751 3043 868 3105 quoqne
892 3036 921 3087 et
942 3006 1087 3105 llbergius
1108 3035 1279 3087 sensemot:
1303 3026 1328 3086 in

112 3154 117 3163 ·
220 3155 342 3216 quornm
363 3139 502 3196 rationem
519 3146 614 3196 tamen
633 3134 750 3195 multum
774 3134 858 3193 abest
873 3143 902 3193 ut
916 3133 1040 3214 pedibus
1058 3152 1131 3194 eam.
1163 3130 1236 3194 Gunn
1256 3135 1329 3195 enim

222 3243 380 3304 Columnae
410 3243 571 3303 adsentiant
593 3245 621 3302 in
649 3242 818 3304 Sabinarum
845 3241 940 3301 locum
971 3251 1083 3302 saturas
1113 3243 1285 3320 reponenti,
1313 3259 1328 3300 e

220 3350 284 3410 lulii
305 3350 434 3410 Victoris
456 3352 621 3409 testimonio
645 3357 826 3429 praetextam
854 3348 995 3427 quandam
1023 3347 1193 3408 Sabinarum
1216 3349 1329 3408 nomine

222 3458 388 3536 inscriptam
410 3456 577 3533 conlinguot
600 3457 700 3535 potius
726 3472 810 3534 quam
832 3456 991 3533 conligunt.
1037 3454 1100 3529 Qua
1122 3472 1155 3513 re
1178 3454 1275 3513 missis
1297 3452 1328 3513 ll·

221 3563 490 3622 lorumcommentis
504 3563 571 3621 uide
591 3581 655 3622 oum
669 3565 732 3641 ipse
745 3581 805 3621 rem
821 3561 1002 3641 probabilius
1018 3561 1229 3641 expediuerim.
1248 3558 1329 3620 Enim

221 3684 292 3727 nero
316 3668 367 3726 luit
390 3668 457 3727 olim
483 3686 598 3727 carmen
619 3669 788 3729 Sabinarum
808 3686 865 3727 non
888 3656 1175 3747 peculiare'quidem
1191 3667 1245 3727 sed
1263 3684 1329 3746 pars

222 3784 400 3849 saturarum,
431 3784 461 3833 ut
487 3775 597 3853 Scipio.
644 3774 755 3848 Quodsi
783 3784 943 3834 saturarum
973 3783 1078 3853 qrrarto
1101 3772 1244 3848 ascribis,
1271 3770 1328 3832 bla-

221 3880 313 3939 crobii
336 3883 473 3940 memoria
493 3886 590 3942 alibro
607 3886 775 3942 Sabinarum
796 3892 910 3958 priario,
933 3881 996 3940 siue
1017 3879 1091 3939 baec
1113 3897 1183 3940 uera
1207 3889 1252 3940 est
1271 3878 1328 3939 lla·

221 3987 313 4047 crobii
342 4006 440 4047 manus
470 3991 533 4049 siue
561 3988 645 4048 scioli
675 3989 818 4068 sapientia
842 3997 950 4063 ortum,
979 3985 1153 4065 explicatur.
1199 3985 1283 4060 Quae
1306 3984 1329 4042 si

220 4104 302 4153 recte
325 4095 449 4170 conieci,
472 4096 538 4155 huic
561 4104 720 4155 saturarum
741 4094 817 4154 libro
839 4091 926 4153 debui
946 4101 976 4152 et
996 4092 1117 4152 alterum
1139 4110 1155 4151 a
1174 4091 1248 4153 lulio
1262 4089 1327 4152 Via·

221 4211 284 4260 tore
315 4201 429 4261 citatum
459 4203 665 4279 fragmentum,
698 4201 777 4279 qarod
800 4218 874 4258 nunc
888 4200 914 4257 iu
937 4200 1055 4259 incertis
1078 4199 1183 4259 saturis
1198 4198 1256 4278 (V)
1281 4197 1327 4256 ba·

220 4307 319 4384 betur,
345 4308 516 4384 adsignare:
539 4309 567 4366 in
590 4326 644 4386 qua
669 4325 701 4366 re
724 4306 793 4366 illud
817 4322 873 4364 ooo
897 4305 1004 4378 obstat,
1030 4305 1108 4386 quod
1130 4322 1189 4364 nou
1213 4321 1326 4385 compa·
