2834 4988
137 390 237 437 LXXII
550 366 859 440 vatast‘lcuiis

139 547 333 605 Romanorum
356 549 452 600 castra
472 541 609 617 impetum
627 536 761 610 fecerint,
783 551 927 594 armorum
943 531 1126 609 hostiumque
1143 529 1245 589 oblitos

42 678 50 688 ·
139 652 252 730 epulari
281 649 435 726 coepisse,
469 656 497 705 et
517 654 546 703 ul
570 643 679 738 quibus⁸
702 644 831 700 insuetus
862 639 1013 699 liberalior
1040 640 1136 697 uictus
1159 645 1245 711 esset,

139 755 250 816 auidius
281 756 348 813 uino
378 752 503 828 ciboque
534 766 660 827 corpora
682 765 832 806 onerasse.
873 746 911 805 At
934 745 1000 804 mibi
1023 743 1245 802 inbismaxime

139 862 227 921 rebus
258 866 365 938 poetae
391 857 482 917 danda
512 874 579 915 esse
602 855 718 914 lieentia
747 853 889 931 quaedam
912 851 1026 911 uidetur
1048 851 1072 909 si
1095 848 1182 908 modo
1205 857 1246 907 est

139 966 270 1026 licentia:
298 984 393 1044 neque
419 982 476 1042 ego
499 963 564 1023 hinc
586 964 687 1022 eiciam
718 978 836 1035 uersus,
862 958 1041 1037 quantumuis
1064 955 1163 1015 Liuius
1189 954 1246 1014 nul·

140 1073 196 1132 lam
218 1072 382 1151 crapulam,
406 1089 490 1149 quam
511 1071 546 1131 ad
562 1069 636 1128 hanc
658 1077 769 1147 partem
792 1067 926 1126 carminis
948 1063 1063 1140 trabas,
1088 1061 1245 1140 perhibeat.

141 1178 236 1238 Potuit
259 1189 353 1237 autem
381 1178 438 1237 illis
470 1197 507 1236 ex
529 1177 648 1235 incertis
677 1175 808 1251 fragmen
832 1171 951 1251 aliquod
978 1170 1015 1230 de
1039 1171 1177 1231 conuiuio
1201 1169 1245 1231 de·

142 1293 318 1362 promptum:
352 1296 463 1345 uertunt
496 1295 624 1342 moeros
657 1286 760 1341 alienos
792 1281 870 1359 (inc.
898 1279 961 1339 sed.
985 1276 1031 1356 L)
1061 1279 1247 1357 praemissum

143 1408 221 1467 esse.
1061 1371 1067 1386 '

226 1495 309 1554 Duos
332 1496 379 1573 qui
395 1497 561 1555 insecuntur
578 1493 696 1554 annales
712 1501 828 1570 poetam
845 1494 872 1551 iu
888 1491 995 1551 bello
1012 1490 1247 1551 Antiocheno

142 1601 309 1680 inpendisse
332 1619 394 1662 cum
416 1603 610 1682 progrediens
634 1601 770 1679 paulatim
797 1600 923 1658 narratio
947 1599 1063 1673 exigat,
1088 1605 1146 1655 tum
1175 1612 1247 1654 com·

142 1709 275 1768 mendant
298 1711 457 1787 praecipue
476 1718 556 1768 certa
578 1708 765 1784 reliquiarum
787 1707 900 1767 indicia.
939 1706 983 1764 Ac
1006 1703 1169 1765 decimus
1192 1701 1248 1779 qui·

142 1815 207 1875 dem
243 1815 379 1873 tertius
413 1814 556 1874 annalis
593 1816 620 1873 in
656 1814 794 1891 adparatu
823 1813 894 1872 belli
925 1821 1058 1871 uersatus
1094 1818 1149 1868 est.
1194 1807 1247 1866 De·

143 1923 275 1999 pinxerat
304 1927 392 1998 poeta
422 1920 631 1997 Romanorum,
660 1931 783 1998 accepta
808 1920 871 1979 eius
900 1916 971 1977 belli
997 1918 1089 1993 fama,
1113 1932 1249 1995 pauorem

142 2046 177 2088 ac
196 2028 391 2086 formidinem:
416 2045 499 2104 quam
513 2026 609 2086 Liuius
626 2030 717 2104 tangil
737 2026 845 2086 XXXV
862 2022 916 2083 23:
939 2034 1061 2084 eeternm
1083 2042 1114 2082 eo
1136 2032 1250 2098 tempore

142 2143 231 2196 minus
248 2155 281 2194 eo
304 2139 374 2194 bellu
394 2153 466 2209 qnae
487 2138 656 2209 perelonmr
674 2155 761 2194 errroe
776 2135 906 2209 pclribns
924 2140 1007 2191 crant
1023 2151 1107 2206 wem
1123 2138 1250 2205 expecto·

143 2249 177 2302 tio
199 2247 320 2302 nondum
338 2246 427 2315 coepti
447 2260 509 2298 cnm
526 2243 662 2299 Antiocho.
680 2244 748 2299 belli.
794 2239 887 2314 Quem
909 2253 1048 2314 pauorem
1070 2255 1105 2296 ea
1127 2253 1175 2294 res
1197 2253 1251 2293 ma·

144 2349 220 2405 xime
249 2346 382 2419 adauxit,
413 2345 490 2422 quod
513 2344 704 2420 Antiochum,
739 2363 823 2423 quem
841 2343 1063 2421 Hellespontum
1083 2360 1148 2402 cum
1171 2358 1251 2401 exer·

147 2453 204 2510 citu
233 2452 374 2509 transisse
404 2450 565 2508 rumoribus
596 2450 719 2509 adlatum
745 2461 807 2510 erat
840 2451 952 2528 (Liuius
975 2450 994 2509 Ι.
1019 2449 1080 2527 l),
1111 2456 1251 2525 tamquam

145 2556 268 2614 alterum
290 2555 419 2615 Xerxem
447 2556 634 2615 aduenturum
659 2559 903 2618 extimescebam:
930 2557 958 2617 id
982 2555 1059 2635 quod
1083 2551 1190 2613 Florus
1212 2561 1251 2611 te·

146 2670 238 2720 statur
266 2661 295 2739 (l
324 2660 363 2719 24
395 2680 422 2738 p.
450 2661 490 2720 43
519 2661 638 2741 labo.):
674 2685 729 2746 raon
756 2671 834 2724 nliird
857 2669 1063 2741 formidolosius
1089 2663 1171 2736 fanan
1199 2663 1249 2718 bel-

146 2775 200 2827 lum
214 2773 283 2845 fnit.-
305 2775 406 2846 qnippe
425 2789 486 2827 enm
502 2773 608 2827 Persas
629 2780 655 2828 et
675 2776 815 2844 orientem,
835 2776 955 2831 Xerxen
974 2781 1056 2847 cipite
1069 2770 1190 2826 Dorium
1211 2785 1254 2823 eo-

144 2880 276 2950 pilorenl,
298 2880 408 2950 quondo
425 2879 554 2951 perfossi
568 2881 637 2934 innii
654 2886 772 2947 morales,
806 2881 917 2953 parando
938 2881 1008 2935 nelis
1028 2882 1154 2948 opertum
1177 2889 1254 2930 more

145 2987 333 3040 nuntiaretur.-
357 2986 396 3040 od
408 2985 459 3041 boe
482 2987 611 3040 coelestes
633 2987 723 3039 niinne
745 2987 915 3051 territabant,
939 3001 1000 3040 enm
1017 2998 1113 3039 amore
1128 2984 1253 3037 continno

145 3091 284 3147 Cumanus
295 3093 392 3163 Apollo
413 3094 537 3150 sudaret.
579 3087 675 3164 Atque
691 3088 717 3145 ei
733 3088 775 3145 rei
792 3089 928 3146 conuenit
949 3085 1034 3145 Ennii
1055 3103 1158 3143 uersus
1179 3091 1255 3161 isque

145 3197 319 3268 Hellesponto
343 3206 455 3269 pontem
484 3199 621 3254 contendit
646 3200 674 3252 in
703 3198 757 3253 olto
785 3192 843 3273 (ΙΙ)
873 3192 948 3253 baud
976 3191 1062 3252 dubie
1091 3190 1147 3250 hac
1168 3207 1253 3249 occa·

64 3321 65 3325 ¹
146 3301 228 3358 sione
257 3301 360 3359 editus.
407 3299 527 3359 Praeter
549 3301 638 3359 minas
663 3309 758 3358 aulem
782 3299 929 3359 caelestes
952 3298 1007 3375 (cf.
1029 3297 1126 3357 Liuius
1145 3295 1254 3355 XXXV

148 3403 204 3482 21)
230 3404 304 3480 apud
335 3403 455 3461 Ennium
483 3404 610 3463 fortasse
639 3415 722 3464 uates
755 3406 859 3484 aliquis
888 3405 1093 3484 inpendentem
1122 3423 1139 3462 e
1168 3403 1253 3477 Syria

147 3519 348 3587 tempestatem
371 3510 566 3586 praedixerat.
613 3509 720 3572 Contra
743 3529 829 3592 quem
852 3511 1031 3588 nescioquis
1051 3527 1109 3569 non
1129 3519 1185 3569 tam
1205 3527 1252 3568 ua·

146 3625 203 3674 tum
226 3613 444 3687 hariolatioues,
469 3631 596 3691 quasue
618 3619 645 3676 iu
667 3629 763 3678 aetate
785 3615 901 3694 quidem
921 3617 1033 3692 agenda
1055 3617 1125 3676 satis
1148 3633 1254 3675 uerare

147 3722 286 3799 adpareat
309 3719 372 3798 (l),
402 3738 486 3798 quam
510 3722 602 3800 ipsam
631 3742 726 3782 rerum
751 3723 945 3782 conditionem
969 3723 1158 3801 spectandam
1186 3740 1253 3781 esse

147 3828 275 3887 adfirmat
292 3825 374 3906 (ΙΙΙ).
406 3825 451 3885 cl.
465 3827 548 3889 Ennii
562 3828 727 3889 Telamonis
744 3830 778 3889 fr.
793 3827 828 3886 ΙΙ.
864 3827 1070 3905 Fragmentum
1084 3828 1123 3887 lV
1140 3828 1252 3889 discidii

148 3933 293 3992 cuiusdam
314 3932 488 3992 Antiochum
512 3936 586 3994 inter
617 3944 646 3994 et
667 3935 856 3995 Hannibalem
879 3936 934 3993 orti
955 3934 1090 3994 indicium
1113 3938 1251 3995 continet.

147 4036 230 4095 initio
257 4039 372 4114 quidem
401 4049 497 4099 notum
528 4051 572 4100 est
602 4041 775 4101 Antiochum
802 4040 837 4100 ab
871 4040 1031 4100 Hannibale
1063 4045 1186 4101 maxime
1216 4041 1251 4101 ad

65 4196 70 4204 .
146 4144 208 4201 cius
235 4142 305 4202 belli
336 4146 480 4223 inceptum
507 4148 679 4207 stimulatum
703 4167 781 4206 esse.
827 4145 872 4206 Cf.
895 4147 992 4207 Liuius
1019 4147 1129 4207 XXXV
1157 4149 1194 4209 19
1225 4156 1253 4207 el

147 4247 179 4310 F.
202 4249 330 4310 Ritterus
343 4250 464 4331 Ephem.
484 4256 572 4335 antiq.
591 4253 716 4313 Darmst.
738 4273 764 4313 a.
783 4253 863 4315 1840
878 4273 905 4333 p.
921 4253 982 4315 382
999 4274 1044 4336 sq.
1097 4253 1153 4328 Qui
1175 4253 1251 4335 quod
