2834 4988
192 385 255 453 ne
575 342 928 449 rulooconxvu

211 574 273 635 230
301 563 382 635 Nam
402 561 548 654 opulenti
568 562 642 630 crim
664 560 818 631 locuntur
835 560 958 652 pariter
980 564 1079 652 atque
1098 560 1273 652 ignobiles,

296 666 429 737 'Eadem
448 666 534 736 dicta
549 664 731 759 eademque
749 663 854 734 oratio
873 664 982 757 aequa
1003 686 1069 733 non
1087 665 1194 758 aeque
1212 665 1311 735 ualet.

736 797 769 868 V

591 973 599 989 .
653 918 806 989 misere'te
829 916 940 986 anuis:

405 1025 487 1095 Date
508 1025 648 1109 ferrum,
677 1022 733 1117 qui
756 1043 808 1092 me
828 1021 938 1090 anima
958 1020 1101 1112 priuem!

714 1156 763 1228 V]
777 1155 793 1192 *

300 1278 475 1370 Extemplo
498 1280 665 1370 acceptam
685 1276 739 1348 me
760 1279 877 1348 necato
899 1277 932 1344 et
952 1274 1064 1344 liliam.

716 1411 780 1483 VH

213 1543 275 1605 235
303 1534 415 1604 Senex
449 1553 539 1603 sum:
580 1532 703 1602 utinam
735 1534 875 1602 mortem
914 1527 1082 1619 obpetam,
1120 1530 1313 1622 priusquam

893 1633 1022 1716 euenat,

302 1737 398 1822 Quod
417 1738 450 1808 in
467 1737 626 1830 pauperie
646 1739 721 1809 meai
738 1758 844 1808 senex
867 1735 1015 1829 grauiter
1033 1735 1181 1829 gemam!

702 1872 780 1944 Vlll
792 1872 808 1909 *

302 1989 442 2060 Nimium
460 1990 537 2060 boni
555 1994 621 2078 est,
650 1992 703 2062 cui
722 1990 768 2062 nss
792 1993 843 2061 est
868 1988 911 2081 [in
933 1986 1030 2078 die'm]
1057 1985 1142 2054 mali.

622 2144 647 2189 t..
735 2126 781 2197 lx

303 2242 390 2312 Vide
408 2242 512 2328 hunc,
536 2265 630 2314 meae
649 2245 682 2315 in
704 2266 802 2339 quern
823 2242 990 2313 lacrumae
1008 2239 1162 2332 guttatim
1181 2238 1314 2308 cadunt.

199 2442 285 2491 uerbis
304 2441 430 2491 sententia
443 2441 567 2493 breuitate
587 2445 701 2512 insignes
719 2444 899 2506 inlustresque.
934 2440 1037 2492 Hecube
1054 2445 1092 2490 est
1106 2439 1139 2489 ad
1152 2439 1256 2489 Vlixem
1277 2439 1316 2488 di·

199 2525 259 2560 cens
272 2501 304 2558 τὸ
321 2503 350 2558 δ’
364 2501 490 2575 cifilmpot’
510 2529 532 2562 e.
550 2530 574 2576 q.
591 2530 612 2563 s.
632 2511 813 2579 [noa—295}
834 2513 902 2561 ‘Hos
914 2525 1005 2561 uersus
1019 2509 1048 2569 Q.
1062 2509 1169 2568 Ennius,
1188 2524 1245 2557 cum
1260 2524 1315 2559 earn

198 2579 358 2647 tragoediam
377 2587 500 2641 uerteret,
525 2597 574 2632 non
596 2597 657 2633 sone
677 2583 839 2633 incommode
856 2581 998 2631 aemulatus
1020 2587 1065 2630 est.
1098 2579 1196 2629 Versus
1208 2579 1315 2629 totidem

198 2648 308 2700 Enniani
326 2650 383 2699 his
435 2665 442 2699 :
466 2650 544 2700 haec'
569 2667 592 2701 e.
608 2668 632 2715 q.
649 2669 671 2702 s.
710 2652 806 2712 ‘Bene,
833 2651 907 2701 sicuti
928 2650 997 2710 dixi,
1025 2649 1137 2699 Ennius:
1165 2648 1211 2698 sed
1231 2656 1316 2698 temen

199 2717 367 2784 ignobiles
385 2660 455 2838 ff
474 2710 659 2782 ἀδοξούντων
679 2729 704 2771 et
726 2721 875 2788 opulenti
895 2709 960 2768 nivet
976 2709 1140 2769 δοκούντων
1154 2718 1217 2767 satis
1231 2716 1316 2768 lacere

199 2788 339 2839 sententiae
352 2801 401 2836 non
444 2789 529 2839 detur:
553 2807 613 2841 nam
625 2806 707 2855 neque
722 2806 810 2841 ornnes
827 2789 954 2856 ignobiles
974 2778 1111 2849 ἀδοξοῦσι
1127 2801 1208 2850 neque
1228 2801 1317 2838 omnes

200 2857 314 2924 opulenti
327 2847 496 2918 eiectatur
567 2863 589 2911 V
608 2861 705 2912 Nonius
718 2859 854 2926 p.474,30
873 2860 1045 2909 ‘miserete
1057 2858 1154 2908 Ennius
1165 2857 1254 2907 Ecuba
1269 2858 1315 2906 ...’

268 2927 305 2976 vt
332 2928 413 2978 Varro
430 2928 463 2978 de
476 2928 505 2979 L.
521 2929 550 2979 L.
574 2932 622 2980 Vll
643 2929 675 2981 13
688 2930 722 2980 Μ.
744 2932 836 2981 ‘etiam
855 2928 969 2978 indidem
988 2927 1053 2977 illud
1067 2927 1146 2977 Enni:
1172 2927 1315 2993 extemplo·

199 3012 223 3047 e.
236 3013 261 3060 q.
276 2999 501 3064 s..‘extemplo
520 3001 587 3049 enim
606 3008 644 3051 est
663 3001 800 3050 continuo.'
827 2999 925 3065 (Enni
940 2997 1064 3064 Scaliger.
1080 2998 1161 3047 enim
1174 2993 1248 3060 libri)
1267 2996 1317 3046 He

200 3067 281 3118 cubae
296 3067 404 3118 Bothius
426 3069 568 3120 uindicauit
588 3071 654 3120 conl.
679 3071 739 3121 Eur.
764 3071 825 3120 Hec.
849 3067 900 3121 aet
973 3069 1021 3117 Vll
1048 3067 1146 3115 Nonius
1168 3082 1195 3132 p.
1214 3065 1280 3126 494,
1303 3065 1315 3116 l

200 3138 393 3207 ‘pauperies
408 3152 455 3203 pro
473 3148 632 3205 paupertate.
661 3140 758 3191 Ennius
772 3138 876 3189 Hecuba
891 3139 944 3186 ...¹
974 3137 1046 3187 Idem
1062 3152 1088 3202 p.
1105 3136 1164 3196 not,
1178 3134 1210 3185 18
1231 3139 1317 3186 ‘eue-

199 3215 253 3256 nat
270 3222 317 3274 pro
330 3208 440 3258 eueniat.
467 3209 564 3259 Ennius
580 3210 685 3260 Hecuba
702 3211 753 3259 ...’
780 3207 955 3274 (Haecuba
971 3204 1077 3270 Bamb.)
1148 3206 1209 3255 Vlll
1228 3205 1317 3256 Cicero

200 3277 232 3328 de
245 3276 288 3326 lin.
302 3277 361 3327 bon.
377 3279 475 3328 etmel.
490 3279 513 3328 ll
527 3279 569 3340 13,
584 3278 616 3330 41
635 3282 700 3330 ‘non
714 3279 791 3339 enirn,
810 3279 833 3328 si
847 3277 942 3326 malum
956 3283 994 3326 est
1007 3276 1089 3337 dolor,
1104 3290 1190 3326 carere
1204 3289 1234 3326 eo
1247 3274 1316 3325 malo

199 3347 262 3397 satis
281 3354 319 3397 est
337 3345 371 3396 cd
390 3346 455 3398 bene
472 3348 620 3399 uiuendum.
647 3349 701 3398 Hoc
719 3349 813 3398 dixerit
833 3347 921 3414 potius
939 3346 1052 3395 Ennius:
1075 3345 1194 3395 nimium·
1215 3360 1238 3394 e.
1253 3360 1278 3407 q.
1294 3358 1315 3393 s.

200 3414 239 3466 Gl.
255 3416 283 3465 P.
299 3415 357 3480 Syr.
381 3415 433 3467 483
446 3415 488 3466 Or.
521 3419 575 3468 Ηοο
597 3419 693 3469 rettulit
713 3418 826 3467 Muretus
845 3418 906 3465 Var.
927 3416 997 3465 Lect.
1018 3416 1042 3464 V
1061 3414 1093 3465 13
1165 3414 1201 3464 tx
1219 3414 1317 3464 Nouius

241 3622 295 3678 230
325 3635 389 3674 cum
419 3619 544 3691 opulenti
572 3618 651 3675 θοοὶ.
712 3621 866 3675 'locuntur
892 3619 1017 3692 Franeq.
1045 3619 1135 3675 Bern.
1168 3619 1319 3688 loquuntur

199 3705 300 3776 uulpo'
365 3707 417 3763 231
442 3703 531 3759 oratio
554 3719 607 3758 om.
631 3702 711 3760 Grut.
796 3708 849 3763 232
872 3705 953 3760 anuis
971 3703 1097 3776 Scaiipcr
1112 3702 1188 3760 Ocni.
1204 3720 1238 3774 p.
1255 3706 1318 3762 164.

201 3805 302 3844 manus
324 3789 388 3844 libri
470 3793 523 3848 234
547 3794 692 3859 acceptam
712 3788 839 3858 Vossiue,
855 3789 1039 3862 praelaturus
1054 3794 1145 3844 tamen
1165 3793 1317 3857 arreptam.

202 3879 349 3944 acceptum
376 3873 440 3929 libri
524 3877 623 3927 necato
646 3872 782 3946 Scalipcr.
806 3879 909 3947 negato
930 3874 994 3929 libri
1078 3874 1163 3928 liliam
1190 3871 1318 3927 Botltiue.

199 3959 287 4014 filiurn
299 3958 363 4013 iibri
444 3961 497 4016 235
516 3957 621 4012 utinam
632 3958 736 4014 moriar
750 3965 866 4014 mortem
879 3965 1010 4031 oppetam
1026 3962 1191 4029 (oppoetam
1203 3955 1318 4024 Bamb.)

199 4042 305 4114 tttrip.
320 4045 374 4102 494
452 4045 582 4113 obpetam
593 4042 657 4098 iibri
666 4045 757 4115 pubi
835 4044 963 4115 priquam
981 4044 1019 4099 W
1027 4045 1120 4115 ,12507
1206 4042 1320 4096 eueniat

199 4128 263 4184 libii
283 4143 316 4200 p.
343 4130 397 4186 494
480 4130 533 4186 236
560 4126 588 4181 in
610 4128 776 4200 pauperiem
800 4145 888 4183 senex
909 4127 1009 4183 Bamb.
1024 4145 1058 4200 p.
1073 4131 1127 4186 494
1211 4126 1264 4184 237
1279 4127 1319 4181 nil

198 4211 404 4270 Fleckeisenue.
420 4210 489 4267 nihil
501 4212 564 4268 iibri
648 4213 676 4267 in
690 4213 766 4268 diem
784 4213 987 4270 0.Ribbeclcius
1001 4213 1071 4268 conl.
1084 4212 1157 4267 Eur.
1169 4209 1239 4266 Hcc.
1254 4213 1319 4277 627,

199 4314 252 4353 om.
268 4296 331 4352 libri
413 4301 465 4357 238
478 4297 553 4353 hunc
568 4297 723 4354 Mercerus.
739 4297 804 4353 hinc
820 4299 883 4352 libri
966 4313 1048 4368 quern
1059 4295 1216 4353 Mercerus.
1233 4312 1320 4367 quarn
