2834 4988
44 418 49 428 ·
130 393 242 441 LXVIII
532 379 848 449 Qvnns'rlonns

131 548 283 609 admodum
300 547 385 608 dubia
407 563 455 604 res
479 553 539 620 est,
570 562 691 622 quorum
711 545 944 607 conlocationem
967 548 1079 626 llugius
1099 551 1138 609 ita
1163 567 1243 628 prae·

130 657 193 730 luit,
217 664 247 714 ut
269 655 304 714 lr.
325 651 391 712 XIV
408 649 664 727 Carthaginienses
683 652 915 728 sigulficarentur
932 674 967 715 oe
985 656 1149 716 libertatem
1167 659 1243 717 amit·

130 771 225 822 terent
245 767 410 839 precantes,
433 757 526 816 altero
546 755 599 815 XV
618 760 698 835 pacis
722 760 840 829 initium,
861 781 916 840 qua
931 763 966 823 ad
987 762 1142 841 poliendos
1158 778 1245 839 agros

131 867 248 944 regredi
277 867 397 939 liceret,
428 863 642 940 designaretur.
688 865 732 925 De
759 866 877 926 relicuis
904 886 1025 947 prorsus
1056 868 1126 928 nibil
1149 867 1242 928 babeo

131 973 209 1053 quod
235 972 354 1032 eruditis
385 976 569 1048 proponam:'
594 970 648 1027 nisi
678 970 744 1029 mibi
775 975 889 1051 quidem
917 975 982 1035 uela
1012 975 1105 1035 uentis
1137 974 1241 1049 indata,

131 1081 207 1159 quod
223 1080 333 1157 llugius
354 1076 456 1151 uoluit,
476 1074 627 1136 admodum
651 1075 773 1135 ridicule
793 1081 885 1141 uideri
906 1102 969 1142 cum
982 1080 1125 1160 Cyclopis
1143 1089 1242 1141 uentre

129 1187 258 1247 humanis
280 1184 414 1245 carnibus
435 1183 561 1242 distento
585 1180 686 1261 (XVI)
710 1183 848 1244 conferri.

570 1369 754 1432 GAPVT
791 1374 818 1432 V

214 1502 336 1562 Puniea's
361 1517 408 1557 res
431 1499 466 1557 ad
496 1498 579 1556 linem
608 1509 780 1576 persecutus
806 1507 894 1579 poeta
917 1518 994 1560 nouo
1015 1501 1189 1580 prohoemio
1209 1501 1243 1562 ad

130 1608 268 1668 bellum
295 1604 581 1665 Macedonicum
614 1606 719 1681 pergit.
766 1604 854 1665 Cuius
887 1606 957 1665 belli
987 1607 1065 1668 initia
1097 1607 1168 1666 licet
1190 1609 1243 1666 iam

130 1715 157 1772 in
186 1711 366 1773 llannibalici
399 1709 536 1768 tumultus
568 1717 701 1786 tempora
731 1710 874 1786 incidant,
908 1721 978 1790 puto
1007 1721 1102 1771 tamen
1125 1710 1244 1770 Ennium

130 1820 270 1879 decimo
295 1817 393 1877 libro
416 1815 452 1875 ab
476 1815 546 1892 ipsis
563 1817 711 1893 principiis
732 1815 856 1895 Pbilippi
880 1835 929 1876 res
950 1818 1138 1896 repetiuisse.
1184 1818 1244 1878 lloc

130 1925 288 1984 enimcum
311 1922 461 1983 exordium
484 1921 550 1980 mibi
576 1920 761 1980 subindicare
783 1922 916 1982 uideatur
937 1929 1028 1981 insece
1052 1928 1144 1985 Musa.
1162 1947 1244 1985 mone

130 2035 320 2091 Romanorum
351 2035 534 2104 induperator
560 2031 639 2099 Qum
673 2034 787 2104 quicque
817 2035 846 2088 in
880 2033 948 2088 bello
976 2037 1059 2105 qessr't
1088 2050 1153 2090 eum
1181 2052 1244 2109 reqc

128 2141 257 2213 Philippo
288 2136 350 2216 (l),
380 2146 436 2194 tum
464 2135 492 2194 id
521 2134 598 2212 quod
624 2134 720 2211 potior
752 2133 891 2194 librorum
924 2137 1084 2195 auctoritas
1118 2137 1242 2215 decimo,

129 2241 238 2320 aliquot
264 2242 328 2301 libri
356 2241 507 2300 undecimo
530 2239 625 2299 annali
652 2240 798 2299 ascribunt
816 2239 851 2299 lr.
875 2238 900 2298 ll
923 2245 1072 2302 leucatem
1098 2257 1244 2322 compserat

130 2347 336 2424 percommode
367 2349 402 2407 ad
430 2350 523 2426 ipsum
545 2345 728 2405 Macedonici
759 2344 830 2404 belli
860 2348 942 2423 quasi
972 2346 1059 2406 limen
1082 2351 1240 2428 relegatur.

128 2451 224 2511 Liuius
255 2453 329 2511 enim
356 2471 420 2511 cum
443 2454 469 2510 in
493 2470 529 2511 eo
554 2460 618 2527 est,
649 2460 679 2510 ut
702 2451 873 2511 Aetolorum
902 2472 918 2514 a
941 2453 1075 2534 Philippo
1098 2456 1242 2518 deiectio-

130 2575 194 2628 nem
220 2557 262 2634 (a.
287 2577 314 2616 u.
339 2576 365 2616 e.
390 2557 468 2637 542)
503 2557 673 2636 perhibeat,
701 2556 776 2617 haec
803 2558 907 2636 quibus
939 2561 1067 2638 inprimis
1089 2562 1241 2625 frustulum

131 2663 201 2723 illud
225 2663 371 2724 inlustrari
388 2664 501 2725 uidetur
525 2666 651 2724 narrauit
675 2662 788 2741 (XXVI
812 2665 884 2745 26);
907 2671 1051 2728 doctrinas
1070 2676 1146 2730 ueras
1164 2678 1243 2746 pria·

128 2775 198 2844 cipio
224 2791 242 2827 o
274 2774 398 2848 Corcyra
427 2777 571 2849 profectus
599 2773 715 2828 suauitas
743 2784 875 2847 superma
903 2778 1024 2834 Leucata
1049 2783 1242 2849 promunturio

19 2933 22 2938 .
129 2896 190 2935 mem
214 2883 333 2937 arcuisset
356 2882 547 2954 Naupactum,
573 2880 733 2950 Anticyram
760 2884 823 2938 Inde
850 2899 881 2938 ec
901 2887 1052 2955 petiturum
1080 2886 1185 2955 edm,
1215 2895 1244 2943 ut

126 2995 238 3057 praesto
255 2988 293 3042 ibi
309 2987 416 3060 Scopas
437 2990 576 3061 Aetolique
596 2992 694 3040 esseut.

214 3086 340 3151 Ceterae
368 3091 510 3169 reliquiae
533 3091 569 3150 de
592 3089 696 3167 quibus
721 3092 859 3151 conicere
885 3093 993 3171 aliquid
1020 3093 1101 3154 licuit
1124 3096 1239 3175 plerae-

129 3212 185 3272 que
212 3211 312 3253 omnes
339 3196 373 3255 ad
395 3196 428 3256 Τ.
461 3198 630 3272 Quinctii
653 3195 852 3257 Flaminini
880 3198 982 3258 laudes
1017 3209 1065 3259 aut
1095 3203 1240 3279 pertinent

129 3309 176 3359 aut
199 3310 320 3378 possunt
350 3321 386 3362 eo
416 3306 567 3365 commode
592 3303 707 3362 referri.
752 3303 824 3363 Nam
853 3314 883 3364 et
913 3324 976 3364 erim
1000 3298 1239 3388 quam‘egregie

128 3406 278 3466 cordatum
300 3407 460 3468 bominem'
480 3410 549 3468 dicit
572 3417 661 3487 poeta
685 3410 757 3491 (lll)
787 3411 825 3470 ibi
849 3411 1002 3489 probabile
1025 3423 1070 3473 est
1095 3413 1238 3476 laudatum

127 3511 230 3586 luisse,
252 3512 300 3571 ubi
323 3513 385 3571 eius
408 3514 562 3590 conlegam
580 3517 607 3573 in
624 3518 775 3578 consulatu
794 3517 886 3577 luisse
902 3516 1088 3578 Flamininum
1110 3519 1154 3597 (a.
1168 3539 1195 3579 u.
1213 3539 1238 3579 e.

128 3616 206 3695 554)
237 3617 381 3677 narrabat.
427 3615 473 3676 Cf.
507 3617 605 3679 binius
639 3622 748 3682 XXXll
779 3625 807 3683 7.
853 3622 957 3701 Neque
990 3625 1017 3683 in
1047 3626 1126 3686 Aelii
1151 3626 1239 3686 rebus

127 3727 185 3778 tum
205 3721 309 3781 diutius
333 3734 528 3784 commoratus
548 3726 678 3804 uidetur,
701 3731 764 3806 eui,
791 3748 854 3788 cum
878 3732 1042 3808 prouincias
1065 3735 1239 3794 sortirentur

128 3827 283 3904 consules,
312 3827 393 3890 ltalia
417 3835 563 3893 euenerit:
595 3844 623 3893 at
646 3835 810 3910 Quinctium
835 3837 862 3894 in
884 3835 1082 3898 Macedoniam
1103 3841 1238 3919 prodcis·

128 3940 241 3991 centem
270 3935 329 3992 suis
358 3934 491 3995 laudibus
514 3943 710 4019 prosequitur.
756 3941 802 4002 Cl.
825 3941 922 4001 binius
945 3942 1055 4003 XXXll
1079 3943 1097 4004 8
1121 3963 1166 4023 sq.
1210 3943 1239 4005 ls

128 4037 216 4112 igitur
236 4039 373 4099 dilectum
401 4040 505 4120 habet,
536 4064 594 4124 quo
624 4066 677 4107 eos
706 4049 770 4108 lere
799 4046 871 4124 legit
895 4039 958 4127 ‘qui
986 4051 1014 4108 in
1031 4050 1168 4128 llispania
1191 4060 1239 4111 aut

127 4141 228 4203 Africa
248 4156 414 4206 meruerant
435 4160 587 4227 spectatae
610 4156 722 4214 uirtutis
737 4145 869 4232 milites'‚
892 4146 1015 4216 ‘ballum
1035 4158 1165 4217 tolerare
1185 4175 1237 4238 po·

126 4239 234 4310 tentes'
266 4269 339 4331 quos
371 4253 479 4315 Ennius
502 4267 588 4316 uocat
618 4257 702 4338 (lv).
748 4260 880 4334 Quocum
903 4265 1007 4322 tamin
1030 4282 1118 4324 eare
1140 4264 1237 4325 Liuius
