2834 4988
555 401 798 472 RELIQVIAE

656 572 684 642 ll

112 700 115 704 ’
153 706 194 769 35
221 747 542 767 ......
596 692 728 784 prolato
751 714 829 763 aere
852 690 954 762 astitit

542 911 544 913 ¹
621 881 733 954 AlAX

653 1021 667 1090 l
680 1019 697 1056 ll*

223 1140 410 1212 Salmacida
431 1139 539 1233 spolia
560 1144 632 1210 sinc
652 1140 776 1211 sudore
797 1142 830 1208 et
847 1136 1012 1235 sanguine

645 1278 674 1347 ll
687 1275 703 1313 *

222 1397 295 1468 Hoc
319 1399 429 1470 himen
446 1399 621 1470 iubarnest
644 1398 734 1491 quod
754 1397 787 1467 in
809 1396 901 1468 caclo
921 1389 1046 1465 ce'rno?

627 1535 670 1605 ΠΙ
684 1533 723 1572 *t

285 1709 294 1726 .
348 1661 458 1727 utrum
475 1657 572 1728 hacin
594 1654 710 1725 leriam
730 1676 771 1722 an
794 1655 835 1725 ab
857 1652 954 1723 laeua
975 1652 1085 1721 latus?

652 1791 701 1862 lV

225 1871 1087 2010 Qfflmfflfflfflmfflm..

155 2113 178 2162 ll
197 2113 286 2163 Festus
300 2129 327 2181 p.
343 2116 395 2166 242
409 2115 443 2164 Μ.
474 2113 619 2181 ‘prolato
642 2129 715 2164 aere
736 2114 846 2163 astitit
866 2112 964 2163 Ennius
979 2108 1095 2160 Achillae
1117 2111 1156 2160 in'
1181 2109 1234 2177 (in

121 2183 257 2233 Achille
273 2183 402 2250 Scaliger)
423 2184 582 2234 ‘Aristarchi
597 2200 655 2234 curn
671 2186 719 2244 ait,
739 2183 867 2250 significat
881 2181 972 2248 clypeo
988 2189 1045 2230 antc
1058 2195 1086 2229 se
1099 2181 1233 2248 protento!

120 2252 215 2302 Paulus
233 2268 259 2319 p.
278 2253 330 2305 243
343 2255 377 2303 M.
404 2255 556 2321 ‘prolato
574 2270 651 2305 aere
673 2255 748 2320 apud
760 2255 869 2304 Enmum
884 2251 1015 2319 signidcat
1037 2260 1108 2301 scuto
1128 2259 1186 2302 ante
1206 2267 1234 2301 se

120 2324 255 2388 protento'

157 2393 232 2443 Arnx
266 2394 278 2442 Ι
296 2393 385 2442 Festus
403 2407 430 2458 p.
444 2391 496 2444 329
510 2393 544 2443 Μ.
572 2391 754 2444 ‘Salmacis
771 2393 875 2443 nomine
890 2390 1005 2457 nympha
1017 2390 1088 2442 (laeli
1104 2398 1129 2440 et
1140 2391 1234 2441 Terrae

121 2462 175 2512 fllia
192 2463 273 2513 fertur
292 2478 370 2512 cansa
387 2462 465 2512 fontis
486 2463 645 2512 Halicarnasi
671 2479 753 2528 aquae
777 2462 948 2529 appellandae
969 2461 1050 2513 luisse
1070 2461 1234 2522 Salmacidis,
1311 2507 1314 2514 ,

122 2548 200 2596 quam
213 2534 256 2596 qui
272 2533 397 2594 bibisset,
416 2534 480 2582 uitio
489 2533 671 2599 ‘impudicitiae
684 2532 853 2584 mollesceret.
881 2531 919 2582 Ob
936 2547 992 2582 eam
1006 2547 1074 2592 rem,
1097 2532 1166 2594 quod
1178 2532 1234 2582 eius

122 2603 206 2654 aditus
224 2610 374 2670 angustatus
388 2603 529 2668 parietibus
544 2603 705 2654 occasionem
723 2604 830 2670 largitur
845 2603 982 2652 iuuenibus
997 2602 1171 2667 petulantibus
1189 2616 1235 2652 an·

120 2674 290 2724 tecedentinm
303 2687 440 2740 puerorum
453 2673 648 2738 puellarumque
661 2672 855 2734 uiolandarum‚
875 2673 936 2735 quia
949 2687 999 2721 non
1014 2678 1084 2737 patet
1094 2671 1232 2738 retugium.

121 2743 218 2794 Ennius
234 2743 289 2793 ...⁵
320 2743 408 2794 Cicero
422 2742 454 2794 de
468 2743 512 2792 off.
529 2745 541 2792 I
556 2743 596 2805 18,
611 2743 643 2794 ot
664 2745 764 2807 ‘itaque
784 2744 810 2792 in
824 2743 927 2808 probris
940 2743 1052 2792 maxime
1070 2743 1096 2791 in
1114 2749 1234 2808 promptu

122 2821 176 2875 est,
197 2814 220 2863 si
235 2812 298 2877 quid
311 2814 362 2864 tale
381 2813 433 2863 dici
450 2821 547 2879 potest:
573 2828 621 2863 uos
635 2815 703 2863 enim
722 2815 829 2863 iuuenes
843 2814 955 2863 animum
970 2812 1059 2878 geritis
1073 2812 1234 2871 muliebrem,

122 2883 168 2932 illa
179 2885 253 2950 uirgo
264 2884 324 2943 uiri,
339 2892 365 2934 et
375 2885 398 2933 si
412 2883 475 2946 quid
486 2884 544 2937 cius
557 2885 641 2934 modi:
657 2883 817 2934 Salmacidn'
831 2899 853 2933 e.
866 2899 891 2946 q.
902 2899 924 2932 s.
951 2883 993 2932 Ad
1006 2882 1112 2932 Aiacem
1128 2881 1156 2932 0.
1172 2882 1235 2931 Rib-

121 2953 228 3010 bachius
240 2952 319 3004 refert
388 2954 411 3002 ll
430 2954 512 3002 Varro
526 2953 558 3003 de
569 2953 599 3002 L.
614 2953 643 3003 L.
660 2955 696 3003 Vl
711 2953 775 3005 6Μ.
803 2956 921 3003 ‘utente
941 2952 1023 3002 solem
1043 2961 1139 3011 ortum,
1165 2951 1235 3015 quod

121 3022 213 3072 eadem
234 3023 309 3073 stella
326 3031 433 3072 uocatur
456 3023 562 3082 iubar,
593 3023 662 3086 quod
682 3024 785 3082 iubata,
811 3023 972 3072 Pacuuianus
992 3021 1054 3071 dicit
1072 3027 1211 3087 pastor.
1238 3051 1240 3054 -

121 3093 197 3142 Ennii
219 3094 299 3142 Aiax:
323 3093 373 3142 hoc
392 3093 491 3142 lumen
516 3108 539 3142 e
559 3108 584 3156 q
604 3090 1109 3161 s.(Enn1ueA1axlnmenhbr1)
1136 3091 1235 3141 ibidem

122 3163 158 3211 VI
174 3159 207 3212 81
222 3163 285 3211 M.‘
292 3177 386 3227 cerno
399 3163 469 3213 idem
480 3163 563 3212 ualet
584 3163 670 3226 itaque
680 3177 727 3229 pro
741 3162 815 3213 uideo
830 3163 867 3211 art
879 3161 992 3210 Ennius
1014 3160 1111 3210 lumen’
1130 3174 1233 3223 e...qs

122 3231 366 3283 lbidemVIlltiM.
383 3232 614 3298 ‘trigonalaciant
642 3231 918 3296 Aliquodlumen'
935 3245 1025 3294 s.qs.
1048 3230 1236 3280 ‘inbardicl-

121 3309 163 3350 tnr
183 3301 258 3352 stella
279 3301 395 3363 Lucifer,
420 3317 499 3365 quase
516 3303 543 3352 in
564 3316 663 3352 summo
681 3303 751 3366 quod
768 3300 846 3351 habet
865 3301 951 3350 lumen
968 3298 1090 3349 diffusum
1106 3307 1134 3349 nt
1149 3299 1215 3350 leo'
1208 3313 1235 3349 ιιι

124 3372 209 3436 capite
228 3372 367 3421 iubam’-
405 3373 440 3421 ΙΙΙ
465 3372 569 3422 Plautus
588 3371 685 3423 Cistell.
710 3365 747 3422 ΙΙΙ
768 3372 800 3422 10
825 3374 922 3421 ‘utrum
940 3368 1017 3420 hacin
1035 3368 1127 3420 feriam
1147 3384 1180 3420 an
1201 3369 1234 3420 ab

121 3441 198 3491 laeua
212 3440 310 3491 latusI’
340 3441 379 3492 (tt.
396 3441 546 3492 Ladewicus
562 3442 637 3492 Anal
660 3457 729 3492 scen.
750 3457 776 3507 p.
791 3442 825 3492 22
893 3441 930 3491 lV
954 3440 1051 3490 Nonius
1073 3455 1100 3506 p
1121 3438 1180 3500 333,
1202 3439 1235 3494 13

123 3513 247 3561 ‘statim
262 3512 387 3578 producta
400 3512 484 3578 prima
496 3513 596 3576 syllaba
610 3528 626 3561 a
638 3514 737 3572 stando,
758 3520 952 3577 perseueranter
965 3519 989 3560 et
1002 3510 1175 3573 aequaliter
1155 3511 1235 3577 signi-

122 3581 191 3631 ficat.
217 3582 350 3632 Terentius
366 3580 479 3648 [Phorm.
495 3584 517 3631 V
532 3581 557 3642 3,
573 3580 600 3646 7]
625 3583 729 3632 Plautus
744 3581 900 3647 Amfitryone
920 3579 943 3647 [I
958 3582 982 3643 l,
997 3578 1040 3644 st]
1061 3581 1129 3631 idern
1147 3581 1173 3631 in
1192 3596 1234 3631 ea-

123 3651 181 3701 dam
204 3648 227 3716 [Ι
241 3652 265 3713 1,
282 3650 344 3717 120]
367 3653 464 3702 Ennius
478 3652 557 3702 Aiace
573 3688 592 3701 ..
603 3653 623 3700 .'

156 3820 200 3886 ‘36
216 3826 378 3884 Salmacida
395 3829 485 3900 spotia
502 3828 627 3901 scalper
640 3827 715 3884 Lect.
735 3829 838 3884 Aaron.
854 3827 874 3883 Ι
884 3833 927 3887 23.
945 3827 985 3901 cf.
1005 3825 1147 3883 Turnebus
1162 3826 1233 3885 Adu.

121 3910 266 3967 XXVIII
278 3917 325 3972 39.
340 3913 482 3971 Salmacid
498 3916 606 3986 aspolla
620 3915 681 3970 cod.
696 3913 778 3970 Festi.
801 3913 923 3971 Salmaci
946 3913 984 3980 da
1005 3914 1097 3984 spolia
1110 3914 1193 3988 culpo
1256 3922 1266 3933 ·

121 3997 227 4063 sudore
249 4003 276 4052 et
297 4000 434 4072 sanguine
450 3998 555 4055 Cicero.
577 4000 716 4072 sanguine
736 4005 763 4054 et
782 3998 1002 4054 sudoremque
1105 3999 1140 4057 37
1162 3999 1235 4054 Alex
1280 4060 1284 4068 Ι

90 4117 93 4123 ,
206 4084 302 4139 lumen
322 4085 466 4141 iubarnest
485 4083 612 4155 quodO.
632 4083 804 4140 Ribbeckius.
827 4085 901 4140 Aiax
920 4085 1014 4139 lumen
1035 4083 1151 4139 iubarne
1174 4083 1237 4138 libri

224 4183 284 4233 aare
299 4169 372 4241 quod
386 4170 502 4224 iubarne
517 4169 612 4224 Haeo.
632 4170 747 4241 aliquod
763 4170 883 4241 (aliquot
897 4168 991 4237 Goth)
1011 4169 1105 4222 lumen
1119 4169 1235 4223 iubarne

36 4070 332 4395 {mlh
332 4256 425 4308 lumen
440 4253 555 4309 lubarne
571 4254 635 4309 libri
652 4253 697 4310 VI
703 4259 737 4313 81
754 4253 794 4325 cf.
805 4268 894 4326 supra
979 4256 1014 4313 38
1029 4251 1113 4308 hacin
1128 4250 1160 4306 0.
1167 4252 1234 4308 Ilib-

219 4348 234 4392 ι
242 4352 266 4409 p
289 4337 350 4396 nm.
365 4336 418 4394 hac
435 4353 480 4394 mc
496 4337 558 4394 libri
