2834 4988
570 474 582 509 ι
599 394 653 450 ΕΝ
661 397 826 454 ΝΙΑΝΑΕ
1125 412 1266 462 mnu

152 573 208 627 qua
224 558 339 627 primus
362 558 495 629 mesanam
517 560 625 618 huelem
648 565 764 635 admota
788 566 909 622 Lucilius
926 599 969 609 -
984 601 1027 611 -—
1048 571 1164 628 eruditio
1183 575 1212 628 ia
1232 589 1264 630 eo

152 663 225 715 mira
257 668 284 717 et
311 662 423 719 liberm
448 670 530 736 atque
554 668 618 723 inae
644 670 781 726 acerbitas
807 680 833 727 et
861 675 969 730 abunde
991 677 1067 731 salis.
1117 676 1204 735 Multa
1224 687 1265 735 est

152 771 251 824 terstbr
279 785 315 825 ac
341 784 435 842 pianes
462 775 550 844 mapsa
576 773 711 831 Horatius
735 783 762 832 et
791 778 831 833 aa
850 781 985 836 notandas
1007 780 1147 839 bominum
1173 800 1264 841 mores

146 877 332 947 praecipuus.
391 875 508 932 Mallum
536 885 564 934 et
589 896 677 936 aerae
709 884 816 954 alariae
838 888 964 955 womaro
987 903 1042 941 uno
1062 888 1131 945 labra
1148 890 1264 946 Persius

151 983 252 1036 meruit
275 1014 318 1023 -
343 984 460 1040 alterum
487 985 556 1040 itud
580 989 660 1042 etiam
687 991 772 1061 prius
792 995 1028 1061 commeamus,
1056 992 1109 1047 seii
1127 1010 1182 1048 noa
1203 997 1262 1052 sota

151 1087 307 1143 carminum
336 1091 470 1145 uarietate
488 1093 604 1147 maetam
628 1095 748 1150 coadidit
770 1095 916 1151 Terentius
943 1095 1035 1150 Varro
1055 1100 1102 1152 air
1121 1098 1261 1158 Romana-

151 1208 213 1246 ram
231 1186 442 1252 acutissimas]
492 1191 528 1250 Ni
564 1195 664 1254 mirum
697 1172 790 1255 altero
821 1195 872 1254 illo
905 1197 991 1255 etiarn
1022 1198 1120 1274 priore
1146 1210 1262 1262 saturae

149 1311 262 1371 genere
283 1294 441 1357 Ennianum
463 1297 641 1360 hauddubie
661 1310 786 1361 saturam
807 1300 966 1378 significat:
990 1304 1036 1362 cui
1059 1322 1124 1363 cum
1146 1314 1260 1365 cetero·

150 1402 219 1478 quin
233 1403 389 1479 persimilis
401 1413 483 1464 esset
496 1405 687 1483 Varroniana,
702 1425 739 1467 eo
752 1407 876 1468 distabat
890 1407 968 1485 quod
987 1417 1017 1468 et
1035 1408 1158 1469 solutam
1176 1411 1259 1471 simul

150 1517 180 1569 et
204 1511 293 1569 uariis
313 1486 486 1570 carminibus
502 1511 624 1570 uinctam
641 1513 801 1572 orationem
815 1513 1064 1592 repraesentabat.
1109 1514 1168 1574 Sed
1188 1515 1258 1575 doc·

149 1619 208 1676 tior
234 1617 309 1677 baec
334 1616 514 1677 Varroniano
535 1635 570 1676 ac
595 1618 800 1697 multipliciore
828 1618 949 1679 forsitan
976 1628 1145 1697 argumento
1175 1638 1260 1698 quam

149 1723 279 1785 Enniana
309 1723 410 1784 fuerit:
443 1722 606 1801 aequalium
637 1733 731 1784 autem
761 1725 938 1785 cauillationi
965 1726 1129 1804 acriorique
1149 1743 1259 1787 moram

150 1848 293 1891 censurae
326 1838 456 1889 neutram
487 1831 625 1906 insignius
660 1830 784 1892 deditam
815 1832 1010 1891 existimarim.
1069 1830 1101 1891 ln
1136 1850 1193 1911 qua
1225 1851 1257 1892 re

149 1939 342 2017 principatum
365 1936 477 2013 obtinet
495 1936 639 2011 lucilius,
664 1935 740 1995 unde
759 1942 867 2013 poetae
889 1937 937 2015 qui
961 1946 1065 2016 postea
1087 1939 1115 1997 in
1132 1937 1190 1997 boc
1204 1957 1255 2015 ge·

149 2062 219 2104 nere
245 2044 397 2120 claruere,
429 2044 560 2104 colorem
584 2040 726 2121 quendam
755 2060 789 2100 ac
816 2058 943 2102 normam
970 2044 1108 2103 materiae
1134 2060 1256 2121 recepe·

148 2157 223 2209 runt.
269 2147 380 2223 Quibus
403 2168 467 2209 curn
488 2149 539 2209 ille
562 2151 601 2207 nti
625 2147 683 2207 dixi
706 2147 791 2205 etiam
813 2146 1047 2207 hexametrorum
1069 2166 1150 2207 nsum
1173 2166 1257 2226 prae·

148 2256 267 2330 inisset,
291 2255 358 2314 inde
385 2272 443 2314 non
472 2256 572 2314 iniuria
597 2252 733 2312 Horatius
755 2253 832 2329 (Sat.
856 2252 869 2311 l
896 2254 950 2328 10,
972 2252 1028 2333 48)
1059 2256 1120 2313 eius
1142 2263 1257 2314 saturae

148 2378 234 2438 quam
257 2361 369 2439 etipse
392 2361 482 2420 coluit
503 2369 532 2420 et
552 2359 670 2419 Persius
693 2376 728 2418 ac
749 2357 894 2419 quenalis
918 2361 1096 2420 inuentorem
1117 2360 1256 2420 Lucilium

148 2465 323 2544 adpellauit,
344 2467 425 2525 ouius
449 2476 544 2527 tamen
562 2465 675 2545 poesim
697 2463 833 2523 lalluntur
855 2468 880 2525 si
902 2467 950 2544 qui
973 2484 1083 2544 genere
1103 2484 1137 2525 ae
1157 2474 1257 2526 natura

147 2571 183 2631 ab
207 2570 291 2630 Ennii
313 2580 410 2631 satura
434 2571 541 2631 distare
562 2568 751 2630 arbitrentur:
770 2571 855 2630 immo
877 2589 977 2632 omnes
1001 2573 1100 2651 quiin
1127 2571 1171 2631 his
1195 2590 1256 2632 car·

146 2675 269 2736 minibus
286 2676 472 2738 elaborarunt
491 2684 599 2756 poe'tae
623 2675 743 2736 Romani
763 2676 799 2737 ab
821 2677 914 2739 Ennio
943 2679 978 2739 ad
999 2678 1165 2738 quenalem
1184 2686 1256 2756 poe·

147 2782 200 2839 sim
222 2799 274 2840 sua
294 2792 395 2844 natura
424 2802 508 2845 unam
533 2784 650 2860 ingenio
679 2790 773 2841 autem
796 2791 946 2862 politanum
971 2787 1106 2845 uariatum
1129 2802 1200 2862 prae
1224 2803 1256 2844 se

147 2888 252 2948 ierunt.
298 2888 362 2963 Qua
385 2908 417 2949 re
438 2889 573 2949 Horatius
602 2888 678 2964 (Sat.
704 2887 717 2946 l
746 2888 800 2964 10,
830 2891 886 2970 66)
917 2911 981 2951 cnm
1008 2873 1128 2950 Graecis
1158 2889 1255 2947 intacti

147 2998 281 3056 carminis
309 3005 458 3056 auctorem
486 2995 584 3056 landet
616 2993 737 3053 Ennium
768 2994 905 3072 (Ennium
927 2999 1001 3055 enirn
1024 2995 1063 3054 ibi
1084 3011 1154 3067 nec,
1178 2994 1256 3071 quod

147 3111 214 3180 post
241 3103 315 3162 alios
339 3098 372 3161 G.
398 3099 430 3160 F.
453 3102 632 3162 llermannns
655 3116 755 3178 progr.
783 3100 864 3159 acad.
888 3099 979 3159 blarb.
1008 3099 1084 3159 1841
1110 3099 1254 3173 narrabat,

146 3207 285 3269 bacilium
308 3209 365 3269 diei
394 3209 514 3287 propius
542 3207 632 3268 uerba
659 3214 766 3285 poe'tae
790 3207 906 3265 intuitus
937 3204 1095 3284 concedet)
1130 3223 1185 3263 nec
1208 3224 1254 3264 se·

148 3334 211 3375 crim
240 3317 304 3394 ipse
334 3323 456 3394 pugnat,
486 3316 534 3393 qui
563 3313 693 3374 eiusdem
718 3322 833 3372 saturae
852 3313 1031 3370 inuentorem
1053 3310 1191 3370 Lucilium
1213 3311 1254 3371 di·

146 3422 237 3497 xerit,
263 3438 319 3480 nec
340 3441 356 3481 a
379 3424 422 3482 rei
444 3423 565 3482 ueritate
584 3420 731 3481 abhorret.

231 3526 293 3587 Nisi
314 3528 379 3606 quis
401 3527 467 3587 ideo
484 3527 649 3586 translatam
664 3545 680 3586 a
696 3524 816 3585 Graecis
836 3531 962 3582 saturam
978 3523 1159 3599 existimarit,
1177 3526 1256 3604 quob

146 3643 192 3695 aut
212 3632 340 3692 Lucilius
369 3635 526 3692 seueritate
551 3634 743 3693 cauillationis
770 3632 913 3708 antiquam
934 3628 1110 3689 Graecorum
1138 3648 1255 3691 comoe-

127 3741 220 3800 ·tliam
242 3738 418 3799 aemulatur:
443 3747 490 3797 aut
505 3738 614 3798 Ennius
637 3738 844 3798 eGraecorum
867 3734 973 3795 iabulis
995 3736 1019 3793 si
1042 3737 1109 3814 quid
1129 3754 1254 3798 commo·

146 3847 210 3906 dam
238 3845 388 3905 uideretur
418 3863 498 3903 sunm
515 3844 542 3901 in
564 3863 644 3903 usum
668 3845 824 3902 conuertit:
854 3842 933 3900 uelut
956 3841 1068 3921 Aesopi
1090 3842 1126 3902 de
1150 3846 1256 3903 cassita

145 3951 272 4012 tabulam
287 3950 394 4009 Latinis
411 3950 544 4009 uersibus
564 3950 711 4029 expressit
733 3946 805 4025 (inc.
828 3956 882 4007 sat.
902 3946 974 4027 IV):
999 3957 1086 4025 atque
1105 3966 1168 4007 eam
1191 3966 1254 4008 nar·

145 4057 334 4119 ratiunculam
365 4057 401 4116 de
428 4074 483 4134 qna
512 4056 559 4116 hic
586 4074 690 4115 uersus
712 4054 823 4113 residet
849 4059 943 4114 sabata
972 4060 1110 4130 quandam
1132 4061 1256 4113 marim

139 4175 260 4242 propter
287 4165 416 4220 adstabat
434 4167 536 4238 plapcs
565 4162 637 4239 (inc.
666 4170 719 4220 sat.
741 4159 796 4239 Vl)
819 4161 855 4221 ab
872 4159 1022 4219 Herodoto
1041 4159 1222 4238 deprompsit
1242 4158 1255 4217 l

147 4269 219 4331 141:
240 4261 342 4343 Ἴωνες
372 4264 404 4330 δὲ
432 4266 483 4327 καὶ
504 4265 638 4342 Αἰολέες,
667 4259 872 4341 significetui
894 4257 1013 4343 τάχιστα
1036 4255 1255 4343 κατεστράφατο

1011 4358 1047 4422 f*
