2834 4988
564 398 920 456 TRAGOEDIARVM

584 565 898 741 cunsrqonrns

290 828 297 844 .
352 830 360 845 .
414 776 498 846 inter
516 797 553 845 se
571 775 713 846 sortiunt
733 773 847 854 urbem
865 775 965 866 itique
986 797 1100 866 agros

289 994 377 1064 Audi
396 995 495 1088 atque
514 995 636 1064 auditis
655 890 1091 1088 hosiimentnmadiungito.

748 1110 789 1150 *³0¹

202 1227 260 1286 155
289 1167 409 1285 lniiiria
429 1216 489 1285 abs
511 1220 544 1286 te
566 1114 874 1310 adficiolllndigna,
897 1219 1000 1307 pater.

248 1346 251 1351 ·
287 1320 369 1388 Nam
389 1318 418 1388 si
439 1320 613 1410 inprobum
630 1343 706 1391 esse
725 1318 965 1412 Cresphontem
984 1318 1061 1389 olim
1080 1320 1259 1408 existimas,

288 1421 355 1492 Cur
372 1444 424 1491 me
441 1421 517 1492 huic
539 1424 672 1494 locabas
690 1424 838 1515 nuptiis?
864 1422 923 1492 Sin
944 1423 995 1492 est
1017 1423 1152 1513 probus

286 1523 353 1597 Cur
370 1524 468 1594 talem
493 1526 626 1596 inuitam
654 1526 792 1597 inuitum
812 1527 908 1619 cogis
927 1524 1099 1617 linquere?

693 1646 793 1716 Pater

889 1746 979 1815 Duxi
996 1745 1152 1836 probum:

201 1859 260 1919 160
288 1849 420 1933 Erraui,
449 1854 526 1940 post
544 1849 706 1943 cognoui,
732 1855 764 1921 et
782 1849 877 1943 rugio
896 1849 1075 1942 cognitum.

221 2015 421 2066 Gnasrnonrns
459 2019 470 2067 l
487 2016 585 2068 Nonius
594 2035 621 2085 p.
632 2018 721 2082 471,9
736 2022 744 2046 ‘
751 2019 910 2069 sortirent
922 2032 969 2083 pro
981 2018 1138 2067 sortirentur.
1163 2018 1243 2066 Varro
1262 2054 1300 2066 ...

107 2074 110 2079 ’
185 2090 270 2137 inter
292 2102 325 2136 se
343 2087 490 2136 sortiunt.
522 2089 758 2139 moderant
779 2089 925 2138 sortiunt
943 2087 1040 2137 Ennius
1062 2084 1195 2137 Cresionte
1214 2089 1266 2135 ...'

221 2158 242 2205 ll
261 2156 351 2206 Festus
363 2173 389 2222 p.
401 2157 496 2208 270M.
516 2159 716 2209 ‘redhostire
727 2186 763 2196 -
774 2185 810 2196 -
822 2173 882 2208 nam
896 2165 921 2207 et
934 2156 1058 2208 hostire
1071 2171 1118 2223 pro
1132 2170 1242 2219 aequare
1255 2172 1302 2224 po-

185 2234 297 2277 suerunt.
323 2227 420 2276 Ennius
440 2226 465 2276 in
484 2227 641 2294 Cresphonte
662 2230 714 2279 ...¹
785 2228 817 2276 lll
841 2227 916 2277 Rhet.
940 2226 973 2276 ad
985 2227 1140 2277 Herennium
1163 2227 1246 2288 1124,
1268 2226 1303 2279 38

186 2304 303 2346 ‘utuntur
331 2297 409 2362 igitur
438 2297 552 2347 studiose
572 2299 598 2347 in
616 2297 789 2348 confirmanda
806 2298 905 2346 ratione
927 2296 1024 2361 duplici
1043 2295 1219 2357 conclusione,
1252 2298 1302 2347 hoc

187 2367 263 2418 modo
284 2363 456 2432 [lob—158}
488 2366 557 2425 Quae
574 2366 623 2417 hoc
636 2369 712 2418 modo
727 2365 922 2424 concludentur,
947 2373 990 2414 aut
1003 2381 1036 2416 ex
1055 2366 1180 2416 contrario
1196 2380 1302 2417 conner-

186 2446 268 2488 tentur
281 2443 324 2484 aut
338 2450 370 2484 ex
382 2435 495 2500 simplici
508 2443 581 2500 parte
599 2436 826 2503 reprehendentur.
854 2436 894 2485 Ex
907 2436 1033 2485 contrario
1049 2435 1098 2485 hoo
1111 2435 1201 2485 modo:

325 2503 421 2553 Nulla
440 2513 468 2553 te
486 2504 635 2571 indigna,
655 2521 670 2556 o
689 2512 776 2565 nata,
797 2505 922 2555 adficio
942 2505 1077 2554 iniuria:

326 2572 358 2622 Si
377 2574 496 2638 probus
514 2583 574 2635 est,
592 2576 670 2626 bene
688 2576 809 2626 lucani:
827 2577 877 2625 sin
896 2582 944 2625 est
960 2575 1133 2642 inprobus,

325 2642 475 2692 Dinortio
493 2651 525 2694 te
544 2644 690 2696 liberabo
710 2645 939 2696 incommodis!

186 2714 230 2780 (In
240 2727 305 2776 qnae
314 2713 456 2777 scripturae
467 2713 654 2780 discrepantiae
662 2715 712 2767 hae
720 2722 791 2766 sunt:
808 2715 821 2766 l
836 2723 888 2765 ten
897 2712 1020 2763 Wuerzh.
1093 2727 1167 2763 corn.
1178 2711 1235 2761 Par.
1246 2712 1301 2762 Eri.

188 2782 272 2849 Opitn.
289 2782 411 2832 Wuerzh.
482 2791 558 2833 unta
577 2785 701 2836 adiicio
716 2784 840 2836 Wuerzh.
911 2783 1036 2834 iniuria
1050 2781 1167 2833 allicio
1180 2781 1302 2832 Bamb.b

188 2852 235 2902 sed
256 2867 313 2901 oum
330 2852 412 2918 signis
429 2855 636 2919 transpositionis
653 2871 687 2906 m.
701 2870 741 2922 pr.
813 2857 877 2905 'las
890 2853 944 2904 Eri.
960 2852 1083 2902 Wuerzb.
1156 2851 1236 2902 bene
1254 2852 1303 2901 lo-

187 2923 257 2972 cani
272 2921 374 2972 Aldine.
396 2922 503 2973 locaui
520 2923 610 2974 Bamb.
624 2925 640 2974 b
653 2925 738 2992 Opita.
754 2923 924 2974 conlocaui
937 2924 994 2972 Par.
1009 2921 1171 2972 collocani
1185 2921 1303 2971 Bambe

188 2992 252 3042 Fris.
267 2992 353 3041 Troos.
370 2992 430 3040 Tur.
501 2995 550 3042 sin
565 3009 597 3043 es
614 2994 668 3045 Eri.
683 2997 734 3044 sin
749 3002 851 3044 autern
866 3000 913 3043 est
926 2992 1015 3043 Bamb.
1030 2993 1046 3041 b
1060 2991 1144 3058 Opitz.
1159 2990 1225 3043 Fris.
1239 2991 1300 3040 Tur.

188 3063 237 3112 sin
256 3069 308 3112 aut
328 3062 415 3116 Troas.
487 3064 668 3114 collocabis
687 3066 774 3115 inest
791 3063 915 3113 Wuerzh.
988 3062 1003 3113 3
1023 3061 1161 3111 diuortii
1176 3060 1230 3110 Erl.

184 3140 213 3183 te
235 3132 340 3182 libero
366 3132 420 3183 Eri.
447 3133 552 3184 libero
577 3143 606 3184 te
629 3135 686 3184 Par.
709 3133 798 3184 Bamb.
819 3149 834 3183 a
858 3133 922 3182 Fris.
950 3131 1071 3181 Wuerzh.
1101 3130 1250 3180 liberabo
1273 3136 1303 3180 te

228 3313 279 3368 153
291 3325 325 3364 an
335 3309 516 3380 praemittunt
525 3307 593 3374 libri,
604 3310 715 3364 eiectum
724 3308 759 3363 cb
769 3306 965 3374 1111555515,
976 3305 1109 3378 ofiaupru
1176 3309 1227 3364 154
1236 3305 1303 3360 andi

187 3393 323 3466 Scalr'qer.
338 3392 420 3448 audis
437 3393 498 3447 cod.
584 3400 634 3453 155
657 3399 716 3448 ate
736 3392 822 3464 Opitz.
908 3391 1025 3446 adficior
1047 3390 1176 3448 Wuerzh.
1195 3389 1303 3445 allicior

186 3480 268 3551 culpo
354 3477 468 3549 indigne
483 3476 581 3531 chb.
595 3494 612 3531 α
628 3478 703 3534 Fris.
791 3481 842 3536 156
858 3492 921 3530 nam
940 3478 963 3531 si
980 3476 1127 3546 inprobum
1140 3490 1205 3529 esse
1221 3473 1303 3530 Cres·

186 3563 318 3635 phontem
331 3563 396 3617 olim
410 3561 555 3616 existimus
564 3562 767 3617 Fleckeisenus.
780 3578 844 3616 nam
856 3561 880 3615 si
891 3562 1038 3630 inprobum
1050 3576 1115 3614 esse
1124 3558 1303 3629 Chresphon·
1316 3548 1322 3557 ’

189 3656 248 3702 tem
260 3648 404 3702 existimas
416 3646 480 3700 libri
487 3688 493 3714 ‚
510 3647 565 3700 nisi
574 3647 647 3717 qaod
654 3649 754 3718 priore
765 3648 836 3702 loco:
858 3644 1075 3715 chresponthem
1090 3643 1158 3698 Pcr.
1172 3643 1270 3698 chh.
1284 3662 1303 3698 a

187 3733 262 3788 Fris.
287 3729 476 3801 chresponthe
505 3729 633 3795 Wuerzh.
657 3738 833 3802 crespontom
859 3729 946 3801 Opitz.
968 3729 1149 3783 existimabas
1170 3727 1304 3785 Boethi

190 3818 283 3873 Troas.
308 3816 376 3871 Tur.
401 3814 503 3887 Opitz„
525 3814 625 3870 altero.-
648 3817 795 3887 inprobum
819 3815 1010 3885 threspontem
1033 3829 1097 3868 esse
1118 3813 1301 3869 existimabas

186 3900 285 3958 Bane.
294 3901 309 3955 b
318 3899 406 3972 Opitz.
419 3915 483 3953 nam
495 3899 518 3952 si
531 3900 687 3970 improbum
695 3900 897 3972 Cresphontem
910 3899 1125 3955 existimaueras
1134 3891 1225 3970 culpo]
1236 3914 1303 3953 nam

188 3987 302 4051 5111551,
318 3985 413 4039 mediis
427 3985 540 4052 omunia,
555 3986 641 4041 altero
652 3986 711 4042 loco
728 3983 856 4041 Wuerzh.
944 3983 995 4042 157
1012 3982 1096 4037 huius
1109 3981 1184 4036 Fosi.
1194 3981 1262 4037 Tur.
1278 3989 1305 4038 et

187 4087 263 4128 corr.
275 4070 344 4125 Por.
357 4075 472 4140 utroque
482 4070 547 4134 loro,
563 4069 656 4126 Troas.
669 4072 765 4127 altero.
779 4070 823 4125 his
835 4069 932 4123 Bomb.
946 4069 1058 4123 haltere
1070 4068 1128 4122 Ioco
1205 4069 1304 4124 locasti

189 4157 256 4213 Tur.
345 4153 432 4209 sinesi
462 4154 589 4210 Wuerzh.
615 4157 684 4210 sine.
709 4156 732 4209 si
754 4154 821 4225 Erf.
908 4157 960 4212 158
981 4153 1086 4222 liquere
1110 4151 1181 4206 Par.
1202 4168 1239 4206 m.
1251 4170 1303 4226 pr.

193 4241 320 4298 Wuerzh.
333 4238 430 4295 Bamb.
443 4238 459 4293 5
471 4238 559 4311 Opitz.
573 4241 732 4311 relinquere
742 4238 820 4294 Fris.
835 4237 928 4293 Troas.
940 4238 1008 4293 Tur.
1022 4242 1048 4291 et
1057 4252 1132 4291 corr.
1147 4235 1217 4291 Pur.

185 4329 238 4386 160
249 4340 343 4382 errare
357 4324 435 4380 Fris.
497 4325 629 4398 cognom,
643 4325 719 4399 fugio
732 4340 806 4379 nnnc
817 4323 961 4395 cognitum
973 4321 1096 4376 Bombb
1112 4321 1205 4376 Troas.
1214 4321 1303 4393 Opitz.
