2834 4988
615 418 844 476 ENNIANAE
1193 434 1264 480 LXV

148 578 189 655 pli
219 596 307 639 causa
332 581 485 658 proposito
514 580 693 642 Inlustrauit:
722 596 786 643 tirno
813 589 927 643 sambrae
950 603 1069 660 uespera
1092 593 1179 663 coepit
1197 594 1263 648 Am-

145 690 223 758 plius
240 704 384 763 exaupere
404 692 508 762 obstipo
528 693 628 748 tumbae
651 695 723 751 solis.
768 688 833 762 Qua
853 709 940 749 uersu
964 690 1072 750 abillo
1095 692 1121 748 in
1144 694 1263 752 incertis

147 793 283 869 reposito
311 793 378 852 milri
399 794 460 852 nisa
480 804 525 853 est
544 795 702 855 adueniens
730 794 783 853 sab
805 815 919 874 pugnae
939 799 1046 856 exitum
1067 816 1193 876 uespera
1212 799 1261 859 de·

146 899 274 974 algnari:
298 899 337 959 ci.
356 899 427 960 Liuii
450 920 534 979 quam
554 920 641 980 supra
664 903 807 980 exscripsi
831 906 1033 962 narrationem.

235 1004 314 1064 Inter
342 1025 376 1066 ea
402 1016 496 1067 autem
524 1024 598 1084 quae
626 1006 740 1068 cladem
761 1005 942 1069 Cannensem
968 1013 1101 1088 proxime
1130 1012 1261 1072 Insecuta

146 1120 214 1170 sunt
236 1112 288 1171 luit
313 1114 398 1172 etiam
419 1123 449 1172 nt
469 1121 538 1191 puto
557 1113 629 1172 illud
650 1113 728 1191 qaod
746 1113 781 1172 ir.
802 1115 828 1173 V
851 1118 1005 1177 iudicatur:
1031 1125 1054 1177 is
1075 1137 1182 1191 pernas
1196 1138 1258 1176 aare·

146 1223 214 1276 cidit
233 1225 328 1294 iniquo
352 1225 482 1296 sapaudia
500 1224 596 1279 Poeni.
642 1216 694 1277 Cui
717 1223 874 1282 memoriae
897 1243 961 1283 cnm
984 1224 1052 1283 olim
1076 1242 1093 1282 e
1115 1222 1195 1281 Liuio
1219 1222 1261 1282 lu·

147 1333 372 1403 competerent
395 1324 478 1385 XXII
500 1326 556 1385 51:
586 1330 719 1400 precedam
750 1337 776 1385 et
803 1334 921 1388 iacentes
939 1337 1018 1390 uiator
1039 1336 1153 1390 sicccisis
1178 1333 1260 1405 semi-

145 1436 227 1490 nibus
247 1436 449 1508 poplitibusque
469 1440 635 1492 inuenerunt
656 1449 682 1489 e.
704 1449 731 1507 q.
756 1451 779 1490 s.
826 1432 881 1509 (cl.
898 1434 962 1493 Vat.
981 1435 1057 1495 Max.
1081 1437 1134 1496 VII
1157 1439 1175 1495 4
1199 1445 1279 1495 exts

146 1537 202 1615 2),
226 1536 337 1614 Hagios
357 1538 576 1597 conuenientius
607 1537 768 1595 sententiae
790 1537 865 1599 hana
891 1539 1001 1600 Valerii
1025 1540 1140 1601 Maximi
1161 1560 1258 1603 narra·

147 1646 258 1703 tionem
279 1646 383 1703 asclait
405 1643 445 1704 IX
465 1643 483 1703 2
507 1651 567 1702 ext.
592 1641 627 1702 2:
651 1647 794 1703 Hannibal
816 1690 822 1702 .
843 1691 873 1704 ..
895 1652 923 1704 in
941 1653 1055 1722 stramine
1069 1652 1145 1708 Gallo
1169 1649 1258 1727 (Ver-

146 1750 241 1826 gello,
260 1750 298 1808 cI.
320 1748 425 1808 Floras
448 1748 461 1807 l
479 1747 519 1806 22
536 1766 564 1826 p.
583 1747 623 1807 37
639 1749 739 1828 Jahn.)
762 1757 925 1826 corporibus
943 1758 1077 1812 Romanis
1087 1766 1171 1830 ponte
1182 1760 1259 1832 fracia

146 1863 301 1915 eoeercitum
325 1861 485 1915 transmisit
507 1899 513 1912 .
536 1899 542 1912 .
564 1901 570 1913 .
593 1859 664 1912 idam
685 1862 809 1929 captiuas
832 1869 940 1916 nostros
961 1862 1090 1916 oneribus
1113 1869 1138 1916 et
1161 1866 1259 1919 itincre

143 1966 236 2039 sessos
249 1969 305 2021 ium
318 1969 412 2037 primo
423 1967 527 2038 pedum
537 1972 623 2037 porte
636 1968 745 2020 accusa
760 1966 936 2037 relinquebat.
982 1967 1055 2033 (laos
1070 1982 1137 2021 uero
1151 1969 1179 2021 in
1194 1984 1257 2023 cas-

144 2079 190 2126 tro
202 2073 392 2143 perduxerat,
400 2076 487 2142 paria
500 2073 564 2145 sere
577 2074 702 2144 fratrum
715 2079 740 2126 et
749 2074 970 2143 propinquorum
986 2075 1101 2144 iunceus
1114 2073 1195 2145 sarra
1210 2076 1256 2129 dc-

145 2193 263 2234 cernere
278 2179 396 2250 eapebat.
424 2175 552 2248 Quorum
570 2175 640 2235 illud
657 2175 734 2254 qaod
753 2174 790 2233 de
809 2182 898 2250 ponte
914 2174 1104 2234 cadaueribus
1121 2185 1257 2237 extructo

144 2279 282 2340 Valerius
299 2280 433 2359 perhibet
449 2280 529 2341 Flori
545 2281 563 2340 l.
581 2281 600 2340 l.
623 2282 730 2341 indicio
751 2290 817 2359 post
833 2282 924 2359 ipsam
940 2299 1064 2359 pugnam
1076 2281 1257 2343 Cannensem

145 2386 292 2446 accidIsse
316 2387 508 2464 algniiicatar:
537 2397 585 2464 ut,
608 2390 632 2447 si
656 2407 712 2467 qua
736 2387 808 2447 ludes
832 2397 876 2447 est
898 2387 990 2446 ordiai
1013 2407 1098 2465 quem
1120 2390 1256 2450 Valerius

144 2496 236 2553 tenuit
258 2497 446 2570 narrationis,
477 2495 582 2554 eodem
602 2499 686 2555 etiam
708 2495 801 2556 altera
824 2495 962 2554 memoria
984 2494 1090 2562 referri
1113 2497 1254 2556 uideatur.

145 2599 208 2672 Qua
224 2618 258 2658 re
281 2599 316 2658 ir.
337 2599 378 2660 VI
398 2609 446 2661 ant
469 2609 536 2678 post
558 2600 611 2660 XV
628 2601 839 2661 conlocandum
860 2609 908 2660 aut
930 2600 1120 2678 relegandum
1143 2606 1198 2662 erit
1219 2605 1255 2664 ad

145 2705 269 2765 Incerta.

231 2811 355 2871 Relicua
384 2832 459 2891 quae
489 2833 553 2874 cam
584 2816 679 2892 Hugic
708 2816 743 2876 ad
774 2815 849 2875 hanc
872 2814 976 2873 librum
998 2813 1121 2892 ascripsi
1145 2821 1193 2872 aut
1214 2815 1254 2871 in·

145 2926 227 2976 certa
246 2927 313 2976 sunt
336 2928 384 2977 aut
408 2937 464 2978 non
488 2922 637 2982 traduntur
659 2941 697 2980 ex
718 2922 775 2981 hoc
795 2922 879 2980 libro.
926 2920 961 2993 Q.
983 2918 1090 2979 Fabius
1113 2920 1254 2980 Maximus

145 3033 277 3102 quartum
300 3023 402 3083 consul
425 3036 541 3087 creatur
559 3026 659 3106 (XIX)
681 3046 706 3086 a.
730 3047 756 3087 u.
782 3047 807 3086 c.
831 3025 984 3088 53800111.
1006 3025 1086 3084 Liuio
1108 3026 1203 3085 XXIV
1223 3028 1252 3087 9.

144 3130 326 3208 Fragmentis
343 3129 398 3188 XX
412 3140 441 3191 et
455 3131 538 3192 XXII
558 3132 700 3192 obsessae
719 3131 929 3212 Campanorum
952 3134 1053 3190 nescio
1076 3150 1150 3209 quae
1166 3132 1255 3191 urbes

144 3239 344 3315 designantur.
388 3237 461 3298 Illud
476 3240 586 3318 Hugins
609 3241 644 3300 ad
666 3239 818 3299 obsessam
834 3258 849 3298 a
868 3239 1004 3296 Romanis
1020 3234 1147 3314 Capuam
1164 3238 1255 3296 reiert

145 3345 223 3404 conl.
244 3344 325 3404 Liuio
346 3343 428 3403 XXV
448 3345 497 3406 21).
518 3347 614 3407 XXVI
634 3349 664 3423 4,
690 3347 746 3406 boc
768 3346 805 3407 ad
827 3361 862 3403 ea
882 3361 958 3422 quae
978 3342 1073 3401 Liuius
1095 3332 1190 3401 XXVI
1217 3343 1254 3402 16

144 3451 308 3529 perhibuit,
338 3469 364 3510 a.
395 3470 422 3510 u.
447 3470 472 3511 c.
502 3454 561 3512 541
597 3454 745 3532 principes
780 3451 989 3528 Campanorum
1019 3451 1120 3529 partlm
1151 3459 1254 3528 captos

144 3559 249 3634 partim
268 3558 440 3619 interiectos
463 3579 540 3620 esse.
586 3559 761 3638 Fragmenta
785 3568 879 3617 autem
899 3555 968 3615 XXI
989 3558 1037 3615 alx
1064 3556 1180 3616 dubiam
1208 3566 1253 3616 est

145 3665 213 3741 quia
235 3663 377 3724 Hannibal
396 3664 581 3742 designetur,
605 3670 653 3746 qui
675 3685 701 3726 a.
726 3686 753 3724 u.
778 3684 804 3724 c.
827 3665 904 3739 541,
925 3672 955 3723 ut
974 3663 1069 3723 Liuius
1092 3660 1188 3722 XXVI
1215 3663 1252 3722 10

145 3780 259 3846 namot,
279 3780 367 3831 nacta
384 3770 503 3830 Romam
520 3774 661 3850 perrexit.
707 3774 840 3851 Denique
863 3770 1089 3846 fragmentorum
1109 3769 1204 3828 XXIII
1225 3778 1254 3827 et

145 3873 241 3935 XXIV
264 3879 451 3937 occasIanem
474 3877 551 3937 uelle
578 3879 706 3939 indicare
734 3879 872 3939 hariolari
896 3886 950 3935 est.
997 3874 1104 3935 Contra
1127 3877 1253 3935 incerto·

146 4000 208 4041 rum
231 3983 288 4043 duo
311 3983 446 4043 indicabo
466 4002 504 4042 ex
533 3983 591 4043 hac
616 3983 690 4043 libro
714 3984 840 4043 fortasse
862 3985 1028 4062 desumpta:
1059 3985 1093 4043 fr.
1117 3979 1255 4041 XXXVII

146 4092 231 4163 deque
251 4093 362 4148 mortalit
382 4109 465 4165 cyrus
485 4094 570 4149 laetos
591 4102 672 4166 atque
690 4096 792 4166 oppida
808 4097 887 4165 cepit,
909 4090 987 4169 quod
1004 4098 1118 4168 poterat
1133 4095 1200 4165 apte
1217 4086 1253 4144 de

146 4192 305 4254 HannIbale
324 4203 391 4273 post
412 4193 525 4255 cladem
538 4192 718 4255 Cannensem
736 4196 846 4256 Italiam
867 4199 1038 4274 perunganti
1061 4193 1176 4255 efferri:
1200 4189 1253 4248 sed

146 4299 182 4357 cl.
196 4318 224 4378 p.
238 4299 274 4368 L;
292 4300 458 4378 ibidemque
469 4301 566 4361 locam
577 4301 687 4362 habere
697 4303 754 4361 hoc
766 4307 895 4378 bilinpues
906 4309 1047 4361 Bruttates
1059 4294 1252 4376 (XXXVIII).

185 4404 298 4464 Eamus.
1070 4415 1087 4455 θ
