2834 4988
521 388 763 459 annrovran
1139 383 1199 450 lot

191 561 276 647 Quid
295 562 444 646 turdum,
468 558 643 645 merulam,
663 559 869 628 melanurum
889 559 1102 653 umbramque
1124 584 1199 631 ma-

747 662 850 731 rinam

189 767 347 836 Praeterii
376 770 475 860 atque
504 788 651 851 scarum,
684 765 855 835 cerebrum
885 764 973 834 louis
1002 787 1108 856 paene
1136 789 1198 835 su-

747 869 874 960 premi?

190 971 338 1041 Nestoris
357 971 396 1040 ad
415 970 553 1061 patriam
571 970 623 1040 hic
641 970 769 1061 capitur
787 993 995 1065 magnusque
1014 970 1197 1064 bonusque.

125 1084 163 1144 10
190 1075 340 1166 Polypus
360 1073 544 1164 Corcyrae,
573 1073 718 1144 caluaria
736 1076 873 1168 pinguia
893 1097 1042 1159 acernae,

190 1179 357 1268 Purpura,
387 1177 551 1263 muriculi,
580 1200 713 1262 murex,
742 1179 856 1249 dulces
878 1201 1010 1273 quoque
1033 1177 1148 1247 echini.

497 1381 781 1452 EPICHARMVS

635 1551 650 1621 l

190 1669 271 1739 Nam
294 1668 432 1738 uidebar
454 1669 620 1740 somniare
643 1669 718 1740 med
741 1691 807 1762 ego
831 1692 907 1740 esse
929 1671 1104 1774 mortuum.

605 1816 686 1888 ΠΗ

190 1938 320 2031 Frigori
341 1937 455 2008 miscet
477 1938 620 2008 calorem
643 1945 742 2032 alque
762 1938 868 2007 umori
891 1935 1094 2006 aritridinem.

86 2140 154 2188 Flor.
168 2135 196 2202 c)
217 2140 349 2205 ‘optIme
367 2140 489 2206 sapiat:
510 2156 556 2190 nec
575 2141 704 2191 tamenab
723 2140 830 2190 eruditis
845 2137 1056 2203 reprehenditur.'
1091 2137 1197 2188 Glossae

86 2216 185 2259 ueteres
204 2210 237 2259 ad
248 2210 349 2258 Patron.
369 2208 422 2258 Sat.
436 2208 470 2260 93
489 2214 614 2260 ‘scarus
632 2211 712 2276 piscis
730 2209 886 2259 nobilissimi
905 2222 999 2273 genus,
1020 2207 1084 2256 mari
1102 2207 1197 2274 Carpa-

86 2279 140 2328 tbio
155 2278 289 2341 frequens,
309 2279 473 2329 cerebrum
488 2281 577 2329 louis
591 2281 673 2331 dictus
687 2281 718 2329 ab
732 2280 832 2330 Ennio!

120 2350 307 2399 Eelcitnanvs
344 2350 355 2397 Ι
375 2348 464 2399 Cicero
486 2350 566 2400 Acad.
588 2366 627 2416 pr.
643 2352 667 2400 ΙΙ
683 2349 723 2410 16,
741 2351 772 2400 bl
793 2353 869 2398 ‘num
888 2362 976 2397 censes
996 2346 1196 2406 Ennium,cum

86 2420 112 2467 in
125 2418 206 2468 bortis
222 2435 279 2468 cum
293 2417 384 2468 Seruio
400 2418 481 2469 Galba
500 2456 525 2468 ..
546 2420 715 2480 ambulasset,
743 2420 855 2469 dixisse:
885 2418 958 2466 uisus
976 2431 1033 2465 sum
1053 2415 1117 2466 mihi
1139 2431 1196 2466 cum

87 2487 168 2538 Galba
184 2489 333 2538 ambulare?
356 2490 389 2537 At
408 2504 464 2538 cum
485 2492 634 2551 somniauit,
657 2492 694 2540 ita
712 2490 838 2539 narrauit:
867 2488 940 2537 uisus
960 2488 1085 2537 Homerus
1105 2485 1197 2537 adesse

86 2561 175 2623 poeta:
195 2559 314 2621 idemque
332 2559 359 2606 in
372 2558 526 2624 Epicharmo
544 2563 590 2609 ...¹
611 2561 662 2626 (in
679 2561 841 2626 epicarmo
856 2557 922 2608 Gud.
942 2559 972 2607 in
993 2557 1066 2621 epio
1087 2555 1196 2606 harma

86 2625 179 2691 Vind.)
249 2630 271 2677 ll
298 2628 380 2677 Varro
401 2629 434 2678 de
452 2627 482 2677 L.
502 2628 531 2679 L.
550 2631 574 2679 V
595 2629 629 2681 60
650 2631 684 2679 M.
714 2630 820 2694 ‘quibus
843 2628 936 2677 iunctis
959 2626 1058 2676 caelum
1083 2633 1107 2675 et
1129 2636 1197 2676 terra

86 2699 171 2748 omnia
192 2703 381 2763 exgeriirerunt,
411 2699 480 2762 quod
497 2714 544 2764 per
561 2699 608 2750 hos
625 2708 715 2750 natura
735 2699 865 2765 frigori’
894 2714 916 2747 e,
937 2712 961 2759 q.
979 2711 1001 2746 s.
1037 2695 1077 2747 CI.
1099 2695 1196 2746 Nonius

84 2785 111 2834 p.
128 2766 170 2828 71',
185 2770 218 2818 2⁶2
238 2768 448 2818 ‘aritudinem
467 2783 513 2834 pro
532 2771 659 2820 ariditate.
692 2771 774 2820 Varro
794 2766 966 2832 [Pro]metheo
985 2767 1010 2815 in
1026 2765 1092 2816 libro
1106 2769 1129 2816 l:
1148 2766 1196 2816 hu-

86 2959 148 2996 cum
167 2947 193 2995 et
208 2939 310 2996 Cumas
325 2942 410 3013 apud.
428 2948 455 2997 at
471 2943 538 3013 quid
555 2943 713 3012 Turnebus,
731 2940 916 2999 Oasaubonus.
935 2940 1060 2997 Surrenti
1078 2941 1196 3012 lopadas

86 3026 204 3092 (mauult
217 3025 361 3095 chamas),
381 3029 511 3097 glaucum
529 3026 631 3082 Cumas
653 3027 739 3098 apud.
762 3033 790 3082 at
808 3025 876 3096 quid
894 3026 1029 3097 Scaliper.
1051 3025 1197 3082 Surrentid

84 3111 194 3180 elopem
218 3111 278 3163 iace
300 3126 389 3165 emas.
411 3111 541 3181 glaucum
558 3111 595 3166 ad
607 3110 724 3167 Cumas.
747 3110 822 3179 Quid
836 3110 989 3166 Salmasius
1073 3112 1089 3167 l
1112 3113 1197 3166 meia-

85 3211 185 3249 nurum
209 3194 397 3260 (menalurum
420 3195 553 3264 Dorm'll.)
574 3196 686 3251 turdum
711 3199 724 3263 (
731 3195 848 3251 cardum
875 3194 978 3262 Fulu.)
1003 3195 1196 3265 merulamque

84 3281 267 3349 umbramque
292 3280 517 3351 (umbraminque
532 3281 620 3349 Pila.)
643 3282 781 3336 marinam
799 3280 868 3338 libri.
890 3279 1055 3347 Alburnum,
1074 3278 1196 3348 turdum,

84 3365 259 3419 melanurum
274 3382 301 3418 u.
318 3380 355 3418 m.
371 3364 430 3420 uel:
453 3366 610 3434 alburnum,
628 3366 749 3432 turdum,
767 3366 958 3435 merulamque
974 3382 1002 3420 u.
1017 3381 1054 3418 m.
1070 3364 1196 3420 Ritscbe-

83 3449 136 3504 lius
150 3448 213 3503 Iud.
231 3448 317 3504 schol.
334 3449 426 3504 Boua.
444 3454 511 3505 aest.
531 3455 597 3509 1852
611 3468 643 3522 p.
660 3450 728 3505 XV.
752 3455 808 3505 tum
826 3449 938 3504 turdum
960 3450 1095 3505 merulam
1112 3451 1197 3504 mela·

83 3551 181 3589 nurum
198 3552 225 3589 u.
244 3551 280 3592 m.
299 3532 477 3591 Schrademes
560 3535 713 3602 Merulam,
730 3535 853 3600 turdum,
870 3534 1042 3590 melanurum
1055 3536 1198 3590 conluserit

84 3619 229 3674 Columella
244 3633 351 3690 quoque
371 3618 450 3674 VIII
462 3625 504 3690 16,
518 3624 536 3679 8
615 3611 672 3675 ¹llic
688 3634 788 3675 uersus
803 3621 885 3692 uulqo
896 3623 992 3690 post8
1007 3625 1033 3675 a
1045 3625 1063 3679 9
1077 3621 1174 3692 leqr'tur

125 3707 273 3760 &scarum
289 3706 422 3775 praeterii
437 3705 502 3760 libri
584 3707 724 3760 celebrum
737 3705 816 3760 Flor.
830 3705 975 3760 cDoruill.
1061 3705 1196 3763 9Mesto-

84 3787 121 3840 ris
138 3786 211 3841 Pera.
300 3794 334 3846 10
356 3790 472 3861 pinguia
488 3807 574 3845 carne
589 3789 667 3846 Flor.
685 3805 710 3845 c.
730 3790 847 3861 pinguia
869 3806 972 3844 carnae
994 3789 1112 3846 Doruill.
1135 3790 1196 3862 pin-

84 3872 151 3943 guia
173 3870 297 3926 Atarnae
320 3873 394 3928 Pul.
481 3881 513 3933 ll
536 3891 690 3946 purpuram
705 3875 785 3930 Flor.
802 3890 818 3929 c
838 3874 911 3929 Pia.
931 3874 1050 3930 Doruill.
1136 3892 1196 3930 mu·

84 3955 165 4010 ricuii
184 3955 337 4012 Turnebus.
353 3959 494 4014 matriculi
509 3961 588 4015 Flor.
605 3977 623 4014 a
638 3975 654 4014 c
667 3958 740 4015 Pitle.
757 3959 818 4015 edd.
835 3965 889 4016 uet.
907 3959 1041 4014 matriculi
1056 3959 1175 4015 Dorm'll.

126 4057 225 4095 murex
241 4040 429 4099 Casaubonus.
446 4061 539 4100 mures
555 4045 635 4104 Flor.
651 4062 669 4099 a
682 4043 756 4099 Pitla
769 4044 831 4100 edd.
847 4051 900 4100 uel.

127 4145 142 4197 l
166 4139 327 4209 sompniare
345 4141 406 4198 Erl.
429 4141 509 4199 Vina.
526 4144 596 4200 Gud.
663 4143 748 4200 'med
768 4160 821 4217 ego
847 4160 912 4200 esse
932 4142 1089 4211 Manutius,
1110 4142 1194 4198 Lam-

83 4226 171 4280 binus.
196 4241 240 4278 me
258 4230 284 4277 et
298 4241 352 4296 ego
369 4244 433 4281 esse
448 4227 508 4286 Idrl.
530 4229 610 4284 Vina.
627 4229 698 4286 Gud.
714 4246 776 4285 cum
790 4231 851 4286 aliis
865 4229 950 4288 libris,
973 4245 1027 4299 ego
1049 4228 1114 4282 med
1129 4243 1193 4283 esse

84 4309 210 4382 Scaliper
226 4309 300 4366 Ceut.
319 4327 352 4382 p.
366 4314 410 4370 26.
432 4320 534 4368 memet
555 4330 619 4369 esse
635 4314 781 4370 Ernestius
865 4320 883 4371 2
903 4313 1014 4369 humori
1029 4313 1110 4386 uuum
