2834 4988
146 397 259 446 XXXIV
541 381 854 451 QVAESTIONES

148 554 251 630 Remo,
276 551 401 611 nondum
424 549 538 609 uidetur
556 557 651 608 actum
671 549 771 609 luisse.
808 547 852 607 CI.
870 547 1014 625 Ilbergins
1038 565 1066 626 p.
1088 546 1137 608 28.
1162 549 1255 626 Supe-

148 663 254 721 riorem
277 668 384 732 autem,
407 673 490 734 quam
512 654 602 732 uulgo
630 655 779 732 ierebant‚
809 657 909 718 sedem
940 653 1058 717 concilii
1086 656 1254 733 anquirens,

149 785 206 827 non
235 764 461 826 commodiorem
490 762 614 840 dispicio
637 762 711 839 bac,
739 782 794 843 qua
823 764 947 842 ascripsi
976 781 1050 840 quae
1079 761 1136 822 buc
1165 763 1253 841 perti·

148 892 218 934 nere
234 873 385 932 uideantur
407 869 578 946 fragmenta.
625 868 754 943 Quorum
770 873 825 929 etsi
840 870 948 930 nnllam
963 879 1025 945 est,
1050 868 1127 947 quod
1144 888 1181 929 ex
1197 869 1255 930 boc

147 981 224 1041 libro
249 978 395 1040 adferatur
424 977 550 1052 diserte,
585 985 680 1035 tamen
709 986 827 1056 praeter
858 975 936 1037 iilum
975 976 1011 1036 de
1041 994 1098 1054 quo
1132 976 1255 1036 diximus

147 1105 263 1147 uersum
282 1082 474 1163 probabiliter
497 1083 639 1161 quaedam
656 1085 825 1142 coniectura
848 1082 904 1142 huc
926 1083 1017 1143 relata
1047 1092 1121 1142 sunt.
1166 1081 1255 1142 Velut

147 1193 233 1268 titud,
263 1209 321 1272 quo
348 1191 376 1250 di
403 1191 547 1268 genitales
576 1200 767 1250 recensentur
791 1167 922 1268 (XLV),
952 1189 1065 1268 qualem
1101 1177 1253 1247 recens'um

147 1299 341 1360 conueniebat
362 1299 456 1356 statim
473 1298 605 1374 imprimo
626 1313 767 1355 consessu
790 1296 868 1372 IrerI,
889 1305 918 1355 et
940 1295 975 1355 ir.
996 1294 1085 1355 XLIII
1101 1313 1164 1354 cum
1180 1294 1252 1354 Ver.-

145 1408 207 1485 gilii
225 1407 299 1465 Aen.
323 1403 350 1463 X
370 1404 384 1462 1
406 1422 422 1462 a
441 1403 536 1462 schol.
556 1401 665 1463 Veron.
685 1402 830 1464 conlatum
842 1402 940 1462 ethoc
957 1402 1108 1462 frustulum
1120 1401 1252 1482 (XLIV),

147 1531 204 1591 quo
221 1514 249 1571 in
263 1509 447 1571 Instaurando
463 1509 547 1568 simili
560 1509 681 1569 deornm
697 1508 821 1568 concilio
837 1511 924 1568 utitur
935 1509 1083 1586 VergiIius
1095 1509 1169 1569 Aen.
1182 1509 1210 1568 X
1222 1509 1251 1569 5.

146 1617 236 1678 Nimis
248 1619 358 1677 incerte
370 1616 427 1675 hnc
439 1616 605 1676 reiernntnr
620 1616 669 1675 uel
684 1615 731 1675 bie
746 1633 850 1675 uersus
868 1637 884 1676 o
898 1623 1005 1692 portitor
1015 1628 1109 1678 noster
1121 1620 1253 1677 Saturnio

145 1729 266 1783 maxime
280 1727 371 1783 diuum
391 1723 463 1801 (inc.
478 1722 539 1782 sed.
554 1722 607 1801 ΙΙ),
628 1738 686 1801 quo
707 1720 802 1779 editor
819 1722 976 1802 Lipsiensis
996 1725 1143 1800 Iunonem,
1163 1724 1252 1784 llber-

145 1832 210 1907 gius
229 1830 374 1889 Venerem
386 1832 414 1889 in
429 1829 486 1890 boc
504 1847 646 1889 consessu
663 1826 783 1886 deorum
800 1826 900 1887 Iouem
916 1829 1034 1910 adloqui
1052 1831 1250 1911 opinabantur.

146 1935 205 1995 Sed
222 1935 285 2013 quis
304 1935 360 1995 boc
376 1935 531 1996 adiirmarit
546 1934 748 2007 confidentius,
772 1936 906 2010 quoniam
921 1935 1020 1996 Venus
1039 1932 1101 1996 siue
1119 1937 1190 1997 Inno
1205 1937 1251 1996 vel

146 2041 218 2101 alius
238 2042 357 2102 deorum
374 2042 468 2102 multis
484 2042 558 2101 locis
575 2059 608 2101 ea
625 2043 664 2101 uti
680 2040 878 2119 adpeIiatione
894 2040 1008 2120 potuit‘l
1025 2044 1063 2103 At
1079 2053 1161 2104 recte
1176 2043 1250 2104 baud

146 2148 232 2208 dubie
261 2149 296 2208 ad
319 2147 447 2208 Enniana
476 2166 592 2207 uersum
619 2146 781 2222 ascribunt,
817 2167 903 2227 quem
928 2148 1087 2225 Ennianum
1113 2169 1181 2210 esse
1210 2160 1251 2210 te-

145 2256 280 2314 stimonio
302 2271 359 2312 non
383 2262 506 2327 constat,
528 2262 556 2313 at
578 2261 692 2311 constat
717 2263 852 2313 accurata
875 2253 993 2315 Homeri
1016 2255 1185 2332 imitatione,
1207 2256 1251 2316 cui

145 2368 243 2418 notum
262 2368 318 2434 est,
343 2368 477 2436 quantum
499 2360 546 2419 hle
567 2368 655 2438 poeta
679 2357 839 2418 indulserit.
885 2360 926 2420 Ita
956 2364 1030 2422 enim
1061 2367 1087 2423 in
1118 2358 1250 2439 Odyssea

144 2465 181 2543 (α
198 2465 238 2524 45
263 2487 286 2524 ω
306 2465 368 2526 473
394 2467 431 2526 cI.
456 2466 490 2525 Il.
517 2465 621 2542 631)
654 2461 784 2522 Minerua
812 2450 836 2524 d
862 2459 953 2547 πάτερ
973 2461 1092 2549 ἡμέτερε
1110 2469 1263 2550 Κρονίδη,’

142 2563 235 2630 ὕπατε
251 2564 417 2651 κρειόντων.
461 2569 527 2630 lVon
550 2571 615 2650 plus
638 2578 757 2648 praesto
780 2568 817 2628 de
839 2588 886 2646 eo,
908 2590 992 2650 quem
1012 2574 1106 2633 Varro
1119 2574 1157 2634 de
1171 2574 1202 2635 L.
1219 2573 1249 2634 L.

142 2676 232 2737 virt
252 2674 289 2735 bl.
315 2679 383 2736 item
412 2677 474 2735 sine
499 2679 613 2736 nomine
642 2683 749 2754 poetae
776 2676 919 2737 laudauit:
942 2689 1106 2742 contremuit
1125 2687 1250 2758 templum

143 2803 271 2860 mapsam
295 2787 372 2844 Iouis
392 2788 558 2843 altitonantis
582 2784 653 2860 (inc.
674 2783 736 2841 sed.
760 2780 872 2862 LXX),
896 2802 954 2862 quo
981 2787 1159 2847 adseuerans
1182 2798 1249 2848 nutu

143 2906 196 2948 suo
222 2890 324 2948 nescio
350 2889 418 2967 quid
446 2890 576 2968 Iuppiter
604 2889 750 2965 designari
778 2889 891 2949 uidetur
920 2893 996 2952 conl.
1020 2892 1154 2970 Vergilio
1174 2893 1249 2954 Aen.

142 2995 168 3056 X
197 2995 256 3054 115
284 2998 381 3054 odaur't
407 3004 433 3054 et
457 3004 539 3056 tolum
568 3006 636 3056 nutu
661 3005 747 3055 treme
768 2999 838 3072 fecit
864 3002 1021 3074 Olympum.-
1050 3017 1171 3078 qnorum
1199 3020 1250 3061 sua

142 3111 265 3181 uterque
282 3120 319 3162 ex
336 3100 454 3163 IIomeri
476 3102 563 3163 claris
585 3102 719 3163 uersibus
740 3100 773 3161 Il.
791 3106 815 3161 Α
832 3102 892 3165 528
913 3091 933 3183 ἦ
955 3105 1005 3166 καὶ
1022 3105 1184 3191 κυανέῃσιν
1207 3099 1248 3168 ἐπ’

140 3198 251 3291 ὀφρύσι
266 3212 349 3270 νεῦσε
363 3207 500 3287 Κρονίων
517 3252 524 3267 .
542 3253 570 3268 ..
589 3207 682 3289 μέγαν
699 3199 727 3270 d’
751 3205 874 3282 ἐλέλιξεν
886 3203 1041 3288 Ὄλυμπον
1058 3213 1248 3293 deprompsit.

227 3312 371 3375 coniecto
397 3316 541 3397 concillo,
567 3319 713 3377 utstatim
741 3318 769 3375 in
797 3316 883 3374 terris
910 3317 1049 3394 adpareat
1076 3322 1118 3380 uis
1149 3339 1250 3382 eornm

141 3440 216 3500 quae
239 3423 267 3479 ln
289 3419 414 3499 Olympo
437 3421 567 3500 Iuppiter
588 3423 729 3499 decreuit,
752 3424 873 3495 damen,
898 3423 926 3479 in
949 3440 1006 3502 qno
1044 3428 1127 3503 pueri
1156 3446 1249 3508 expo·

141 3529 188 3587 siti
211 3536 303 3604 erant,
325 3528 398 3585 intra
419 3527 497 3604 ripas
518 3526 635 3587 reduxit
658 3526 819 3606 (XLVIII).

224 3634 310 3696 Pueri
333 3641 499 3694 seruantur:
528 3637 688 3695 nutriuntur
710 3653 725 3695 a
750 3634 816 3711 lupa
841 3632 979 3714 (XLIX):
1010 3635 1046 3695 de
1065 3655 1120 3714 qua
1140 3656 1174 3697 re
1191 3637 1249 3699 Err-

140 3742 252 3801 nianam
274 3741 465 3801 narrationem
483 3739 552 3800 licet
573 3740 660 3801 bodie
684 3760 700 3801 e
726 3741 857 3818 Vergilio
880 3741 955 3800 Aen.
979 3741 1047 3803 VIII
1069 3744 1130 3806 630
1159 3745 1249 3824 dispi-

140 3866 210 3907 cere
246 3848 322 3926 (L).
367 3846 466 3907 FIcum
505 3847 683 3909 Ruminalem
719 3868 794 3929 quae
830 3848 934 3909 dicitur
971 3848 1092 3911 Ennium
1129 3868 1249 3932 quoqne

139 3973 317 4015 memorasse
343 3972 399 4013 non
428 3954 648 4033 inprobabiliter
668 3956 851 4017 concluditur
872 3977 888 4017 e
912 3959 947 4018 fr.
974 3957 1018 4018 LI.
1064 3956 1143 4035 Lupa
1166 3958 1249 4035 iuga·

138 4069 184 4119 tur
206 4078 222 4120 a
249 4060 416 4139 pastoribus
442 4061 479 4121 de
506 4062 590 4121 clinis
619 4062 654 4121 ad
683 4078 801 4141 campos
822 4073 851 4123 et
880 4066 958 4124 riuos
986 4061 1248 4125 descendentibus:

138 4164 194 4225 hoc
224 4170 298 4227 enim
322 4167 479 4243 significari
502 4168 536 4227 ir.
560 4166 609 4227 LII
628 4167 815 4246 suspicabar:
846 4170 932 4230 modo
960 4180 1042 4231 recte
1074 4170 1249 4231 emendaue·

136 4272 188 4331 rim
203 4291 328 4333 uersum.
352 4272 422 4334 (ium
447 4275 580 4353 proximo
596 4274 759 4352 lragmento
776 4277 852 4336 iuuat
868 4277 904 4337 de
925 4277 983 4337 leni
1002 4277 1164 4338 differentia
1178 4295 1249 4356 qua-
