2834 4988
589 374 819 430 ENNlANAE
993 459 995 464 Ι
1175 385 1264 432 xxix
1306 386 1310 393 '

149 540 223 602 Nam
245 551 276 601 ut
299 540 408 602 Ennius
429 542 571 617 Aeneam,
594 543 642 619 qui
665 539 769 600 dudum
786 549 852 600 ante
871 556 1027 619 puerorum
1049 546 1161 616 partum
1181 539 1263 600 obie-

150 650 205 722 rit,
225 664 283 708 non
306 659 410 728 aperte
433 649 548 710 Romuli
578 666 661 707 auum
691 649 858 721 nominarit,
888 646 945 706 boc
964 655 1059 706 tamen
1087 661 1144 704 non
1172 647 1263 706 minus

149 765 276 832 constat,
303 756 426 817 alterum
448 757 473 815 si
489 774 588 815 uerum
607 764 663 830 est,
686 754 764 815 lliam
778 754 869 814 luisse
882 753 1003 813 Aeneae
1016 753 1118 812 filiam:
1142 754 1169 814 id
1185 754 1262 834 quod

147 863 272 922 Seruius
295 880 352 923 neo
373 862 430 922 boc
453 861 521 921 loco
543 880 600 922 nec
615 863 721 937 altero,
745 878 831 940 quem
855 863 950 920 statim
973 861 1119 936 adieram,
1141 862 1168 920 in
1191 880 1261 923 suae

149 968 301 1028 cuiusdam
321 968 518 1029 conclusionis
536 971 665 1049 speciem
683 968 779 1043 tradit,
803 986 866 1027 cum
881 969 1054 1046 praesertim
1072 986 1107 1028 ea
1122 972 1261 1031 memoria

147 1093 206 1134 uon
217 1074 340 1136 Ennium
355 1085 462 1137 tantum
477 1077 530 1136 sed
546 1077 630 1137 etiam
643 1075 783 1135 Naeuium
796 1076 925 1135 attineat.
949 1073 1081 1152 Namque
1094 1075 1132 1135 ita
1145 1076 1173 1135 in
1184 1076 1259 1137 Aen.

146 1181 160 1241 l
183 1181 245 1243 273
272 1187 398 1244 Naeuius
419 1192 445 1242 et
463 1186 586 1254 Ennius,
616 1184 670 1258 ait,
697 1188 808 1242 Aeaeae
830 1198 868 1241 ec
886 1185 945 1257 fibo
969 1191 1094 1256 nepowm
1115 1186 1260 1244 Romulum

146 1295 315 1351 candelarem
347 1294 424 1351 arba‘a
455 1294 579 1349 tradant.
627 1288 812 1349 Testimoniis
839 1287 938 1348 lauant
968 1287 1085 1348 residua
1118 1291 1259 1367 quaedam

148 1398 178 1455 in
197 1398 270 1476 ipsis
291 1396 379 1462 bodie
408 1395 577 1472 fragmentis
597 1396 731 1473 uestigia.
776 1394 848 1456 lliae
870 1395 956 1471 enim,
980 1404 1009 1454 ut
1031 1398 1094 1474 ipsa
1110 1408 1207 1458 narrat
1223 1398 1258 1458 lr.

145 1501 287 1581 XXXIV,
316 1523 371 1583 per
393 1503 533 1561 somnium
553 1510 637 1580 pater
654 1500 776 1579 adparet
798 1502 936 1582 illamque
959 1521 1038 1563 suam
1065 1514 1180 1582 gnatam
1209 1507 1258 1567 ad·

147 1600 250 1688 pellat.
275 1609 358 1684 Quae
383 1610 431 1688 qui
455 1609 541 1688 plane
565 1625 600 1668 ac
618 1607 791 1686 simpliciter
810 1608 944 1694 Ennium,
967 1627 1024 1670 non
1046 1610 1190 1688 obscure,
1215 1614 1258 1674 lo·

145 1725 244 1776 cutum
265 1717 376 1794 uolent,
399 1735 490 1795 aegre
514 1734 577 1776 cum
597 1714 710 1777 Merula
733 1725 763 1776 et
782 1717 895 1778 editore
918 1718 1063 1798 Lipsiensi
1086 1718 1122 1778 de
1155 1721 1258 1780 nescio

146 1836 207 1901 quo
231 1823 366 1901 longiore
400 1825 583 1901 cognationis
611 1823 703 1899 gradu
730 1823 912 1902 intellegent.
956 1825 1070 1887 Patrem
1093 1834 1189 1885 autem
1219 1826 1258 1887 ibi

143 1928 278 1990 Aeneam
309 1930 366 1991 dici
393 1930 441 1990 uel
468 1931 531 1990 siue
555 1930 814 1990 ististestimoniis
837 1932 904 1992 iude
927 1932 1066 2011 adparet,
1096 1923 1257 2010 quod‘llu-

144 2035 248 2111 rydica
266 2046 438 2116 prognatam
448 2038 466 2114 ’,
483 2038 529 2097 cni
548 2038 688 2097 somnium
703 2046 819 2098 enarrat
837 2037 899 2113 lita,
912 2029 1092 2116 ‘germanam
1107 2042 1255 2100 sororem’

144 2141 322 2221 adloquitur.
355 2141 531 2218 Eurydioam
552 2145 628 2203 enim
651 2142 773 2203 Aeneae
797 2160 918 2203 uxorem
940 2142 1124 2205 Lescbeset
1146 2144 1255 2225 Cypria

143 2248 325 2310 tradiderunt
346 2248 423 2310 test‘e
442 2249 582 2310 Pausania
603 2248 631 2309 X
654 2248 709 2310 26:
729 2246 864 2329 Λέσχεως
886 2246 919 2310 tt
936 2247 986 2310 ael
1005 2241 1022 2311 ὁ
1044 2243 1170 2330 ποιήσας
1200 2252 1257 2334 ἔπη

142 2344 181 2415 τὰ
196 2349 320 2437 Κύπρια
336 2349 473 2418 διδόασιν
486 2346 663 2437 Εὐρυδίκην
676 2359 806 2434 γυναῖκα
819 2353 935 2438 Αἰνείᾳ.
957 2353 1003 2415 Ol.
1020 2354 1201 2418 Welslserus
1218 2360 1255 2421 de

144 2459 233 2536 cyclo
251 2479 299 2540 ep.
322 2460 349 2523 ll
369 2480 399 2543 p.
424 2462 496 2524 248.
528 2462 567 2523 Vt
588 2464 692 2524 eadem
715 2461 841 2523 earmina
862 2459 975 2522 Graeca
998 2481 1072 2542 quae
1088 2465 1254 2543 Eurydicae

142 2567 231 2627 etiam
253 2566 324 2628 lliae
341 2573 484 2651 originem
501 2572 620 2633 dedisse
642 2570 805 2648 suspicere.
857 2566 928 2628 lliae
950 2579 1046 2630 autem
1074 2590 1160 2632 soror
1190 2592 1254 2634 cum

143 2677 258 2733 ‘anus’
274 2693 290 2734 a
306 2683 395 2753 poeta
406 2678 519 2739 dicatur
531 2679 644 2756 (neque
656 2678 731 2738 enim
744 2676 781 2736 de
794 2675 919 2737 diuersis
932 2676 1116 2752 cogitandum
1130 2687 1175 2739 est
1188 2698 1254 2758 per·

105 2783 106 2788 ’
143 2781 261 2861 sonis),
282 2799 341 2842 non
362 2784 449 2863 paulo
480 2802 544 2846 eam
566 2793 663 2845 aetate
685 2782 903 2862 prouectiorem
930 2779 981 2843 llia
1007 2781 1099 2843 luisse
1128 2802 1254 2847 necesse
1320 2774 1328 2780 ’

143 2897 200 2965 est.
246 2887 309 2948 Illis
329 2899 426 2951 autern
448 2892 586 2952 conuenit
602 2890 764 2969 aptissime,
786 2888 864 2967 quod
886 2886 938 2947 llia
954 2881 1254 2969 Venerem‘genetri·

96 2984 98 2991 ’
143 3011 209 3055 cern
230 2999 320 3074 patris
342 2996 450 3057 nostri'
476 3005 506 3056 et
519 2987 702 3075 ‘cognatam'
726 2997 796 3059 dicit
813 2992 970 3075 (XXXVI)
987 3004 1017 3054 et
1039 2996 1101 3073 ipsa
1119 2987 1179 3057 ‘dia
1202 3018 1253 3059 ue·

143 3100 217 3179 pos’
240 3090 406 3181 adpellatur
424 3122 441 3165 a
460 3102 579 3164 Venere
595 3102 763 3183 (XXXIX).
796 3099 852 3174 Qui
873 3100 989 3178 quidem
1011 3118 1173 3163 consensus
1188 3107 1252 3184 ipse

108 3288 114 3296 .
143 3207 206 3268 iure
227 3206 279 3269 illa
300 3208 387 3285 lliae,
413 3209 488 3270 baec
509 3210 630 3286 Veneri,
653 3228 711 3270 non
736 3211 786 3288 qui
809 3206 897 3286 uulgo
922 3207 1098 3268 credebatur
1119 3208 1253 3289 Aeneae,

143 3314 250 3376 ascribi
286 3317 422 3378 ostendit.
483 3316 584 3397 ltaque
619 3317 737 3381 Ennius,
759 3333 824 3376 cum
858 3313 990 3375 Aeneam
1023 3313 1087 3374 lere
1118 3319 1252 3397 attigisse

143 3418 255 3505 Romae
280 3423 421 3501 originem
449 3424 560 3503 lingat,
592 3424 662 3486 nibil
687 3424 724 3484 de
753 3421 869 3482 condita
891 3419 968 3481 Alba
999 3421 1096 3501 deque
1123 3424 1252 3486 Albano-

143 3544 205 3588 rum
239 3545 340 3606 regum
377 3533 577 3592 commenticia
610 3532 687 3592 serie
717 3530 860 3590 narrauit:
896 3546 969 3608 quas
999 3546 1048 3588 res
1076 3541 1174 3591 notum
1207 3543 1252 3594 est

144 3643 247 3712 postea
275 3636 305 3695 in
326 3634 484 3699 Romanam
512 3638 662 3699 bistoriam
686 3636 806 3696 iniertas
830 3654 898 3696 esse
923 3634 959 3696 ab
982 3637 1044 3712 eis,
1074 3639 1122 3717 qui
1148 3657 1252 3718 magna

143 3741 216 3803 inter
238 3739 346 3805 'l'roiae
368 3745 475 3805 exitum
499 3755 528 3806 et
546 3747 623 3807 initia
646 3745 755 3807 Romae
777 3740 930 3801 interualla
955 3742 1079 3820 explere
1101 3762 1154 3823 pro
1176 3746 1252 3806 uirili

144 3856 225 3924 parte
246 3849 492 3928 periclitarentur.

225 3954 335 4023 Verum
351 3956 388 4017 ad
409 3956 485 4025 bunc
508 3957 605 4018 locuni
626 3975 683 4016 nou
703 3974 759 4020 uno
782 3956 897 4016 nomine
921 3955 1055 4034 quaestio
1078 3955 1114 4015 de
1139 3964 1250 4035 tempo.

144 4063 328 4134 rummtione
343 4063 480 4141 pertinet,
498 4060 674 4141 quallnnius
685 4080 737 4123 sua
749 4071 846 4122 aetate
858 4062 886 4122 b.
902 4080 928 4120 e.
943 4070 1009 4121 ante
1020 4080 1121 4121 annum
1134 4063 1170 4122 ab
1183 4083 1209 4122 u.
1224 4082 1250 4122 c.

145 4167 200 4230 585
223 4169 327 4231 urbem
351 4167 470 4229 Romam
493 4169 571 4256 circa
594 4170 845 4248 septingentorum
865 4184 1004 4226 annorum
1019 4167 1110 4227 fuisse
1124 4167 1249 4228 tradidit.

116 4298 121 4308 ›
145 4268 226 4334 Cuius
241 4275 318 4337 baec
335 4284 400 4335 sunt
416 4274 575 4338 aVarrone
593 4275 630 4337 de
646 4265 684 4335 re‘
694 4284 771 4339 rust:
788 4273 828 4336 lll
844 4276 870 4351 l,
887 4271 906 4332 2
920 4283 1091 4334 conseruata
1104 4270 1194 4332 uerba
1205 4273 1251 4332 ica
