2834 4988
169 404 220 454 ΧΠ
242 419 245 428 ·
603 398 861 459 PRAEFATIO·

169 559 373 641 desideratur
460 564 519 628 198
546 569 653 629 inuicti
668 567 780 642 sapere
801 571 864 630 uiri
882 563 981 652 Sang.
1002 572 1107 632 inuicti
1119 570 1283 644 succurri

168 687 297 779 Monac.
312 689 422 754 Orosii
511 693 570 756 199
582 660 612 756 et
623 713 686 756 om.
702 687 801 776 Sang.
815 691 943 757 Monac.
1030 699 1073 777 in]
1091 657 1235 780 lisang.

210 812 249 871 ab
261 812 354 873 isdem
367 806 467 896 Sang.
483 784 648 902 obhe'sdem
661 809 790 875 Monac.
820 894 823 899 Δ
878 809 945 874 VII
959 811 1000 876 fr.
1014 810 1066 876 IX
1079 813 1205 879 scribe:
1228 816 1280 880 ‘in

168 947 206 990 eo
221 947 320 990 uersu
334 928 465 995 inueui'
540 933 602 994 257
624 950 732 995 neuma
746 930 842 994 ctiam
853 929 969 995 Bamb.
983 931 1143 996 Prisciani
1217 937 1279 1000 265

168 1044 260 1109 deest
281 1046 316 1109 in
337 1044 575 1136 Bambergensi
660 1051 721 1114 276
749 1069 871 1113 manum
898 1048 1020 1114 habent
1040 1049 1224 1117 Helmstsd.
1248 1061 1280 1119 et

167 1163 304 1249 Lagom.
325 1168 365 1230 65
387 1189 447 1255 pro
458 1168 597 1261 Murena
683 1168 744 1232 318
765 1172 820 1233 bec
841 1189 915 1233 cum
932 1171 1049 1235 ceteris
1070 1169 1165 1235 libris
1183 1172 1280 1237 Bam-

167 1281 337 1369 bergcusis
360 1308 488 1376 quoque
574 1292 636 1355 326
659 1293 793 1371 Cyclopis
813 1284 930 1352 Bamb.
1017 1262 1051 1351 X
1074 1289 1115 1354 fr.
1136 1290 1154 1354 I
1180 1290 1280 1357 Gellii

166 1402 270 1468 uerba
283 1405 330 1468 sic
346 1407 521 1499 scribenda
530 1409 679 1475 fuerunt:
701 1384 970 1494 ‘insequenda
992 1409 1078 1473 enim
1098 1408 1206 1493 scribi,
1231 1411 1288 1475 iu!

168 1524 252 1610 quit,
270 1524 389 1608 debet,
411 1548 478 1591 non
499 1529 734 1610 insecenda,
757 1528 909 1615 quonism
929 1529 1104 1615 insequens
1118 1529 1281 1615 significat

167 1648 253 1729 {m}
275 1647 496 1742 traditumque
522 1669 595 1712 esse
621 1648 790 1734 inseque
812 1648 906 1733 quasi
926 1668 1027 1734 perge
1051 1646 1160 1712 dicere
1182 1657 1214 1713 et
1233 1651 1279 1714 iu-

140 1826 143 1837 .
169 1786 306 1852 sequere
334 1769 462 1854 itaquc'
493 1788 521 1830 e.
544 1790 576 1854 q.
598 1789 624 1832 s.
647 1759 687 1836 ⁸et
710 1748 808 1854 paulo
826 1774 918 1852 post:
954 1766 1012 1831 ‘de
1037 1789 1099 1831 usu
1127 1770 1280 1856 antiquae

168 1883 317 1950 lectionis
331 1887 499 1974 scripserit
512 1909 579 1952 non
596 1874 872 1974 luesque-apud
883 1885 1026 1950 Ennium
1045 1885 1238 1971 legendum'

210 2007 272 2068 352
297 2005 338 2070 de
357 2006 420 2071 hoc
440 2027 539 2072 uersu
560 2007 637 2072 uide
659 2026 741 2093 quac
771 2007 908 2093 exposui
934 2005 970 2069 in
992 2003 1126 2086 Quaest.
1149 2006 1236 2072 Enn.

210 2127 273 2198 367
294 2147 394 2192 omnes
413 2135 553 2192 mortales
574 2126 690 2192 Bamb.
715 2149 748 2214 p.
770 2127 847 2208 696,
876 2108 1046 2213 praeterea
1066 2146 1133 2189 nou
1161 2125 1280 2192 discre-

168 2265 250 2331 pans
266 2247 364 2310 inhis
380 2226 484 2311 tribus
499 2246 666 2330 uersibus3
685 2246 768 2310 alter
782 2244 872 2309 locus
889 2243 980 2308 deest
994 2246 1029 2308 in
1044 2243 1112 2319 hoo¹
1125 2246 1238 2312 codice

209 2364 297 2428 XIII
319 2364 360 2429 fr.
380 2365 430 2429 IV
454 2355 575 2429 scribe:
606 2346 657 2428 'qn
677 2363 765 2428 XIII
785 2360 931 2444 annal'i’3
959 2360 1099 2428 leuiores
1123 2366 1280 2451 quasdam

167 2484 295 2548 Hertzii
314 2483 550 2571 discrepantias
569 2505 631 2549 nec
648 2482 701 2548 hic
720 2502 781 2547 uec
802 2478 881 2546 alibi
901 2481 1014 2572 curaui
1100 2486 1161 2548 384
1180 2496 1281 2550 osteo-

168 2607 222 2667 661
242 2610 307 2667 siue
327 2610 457 2668 uiuimus
476 2602 616 2667 Bamb.¹
682 2606 743 2667 390
771 2607 946 2668 occumbunt
973 2609 1005 2667 et
1030 2609 1140 2668 loetum
1161 2603 1278 2669 Bamb.

213 2723 274 2785 393
297 2729 450 2802 aspiciunt
469 2731 502 2788 et
520 2728 716 2805 perhibentur
727 2722 981 2806 Bambergensis
1004 2744 1132 2810 quoquc
1196 2722 1280 2788 XVI

167 2842 209 2906 fr.
229 2841 315 2905 VIII
338 2841 460 2907 scribe:
484 2843 538 2907 ‘in
559 2840 643 2906 XVI
665 2841 793 2906 annali’
880 2842 942 2906 426
965 2826 1008 2905 cf.
1031 2864 1119 2906 nunc
1140 2864 1223 2930 quae
1245 2844 1280 2908 iu

168 2960 303 3042 Quaest.
322 2960 494 3025 annom
579 2934 751 3036 xvrufrl
767 2960 817 3025 rv
831 2961 954 3025 sense:
977 2965 1131 3026 nameus
1217 2965 1280 3028 sse

168 3086 283 3162 hiemps
301 3078 399 3146 etiam
416 3080 533 3145 Bamb.
620 3082 680 3142 517
703 3083 763 3144 turri
784 3078 878 3144 Leid.
903 3101 922 3143 a
943 3079 965 3144 b

252 3199 572 3286 Tragoediarum
610 3201 670 3263 156
700 3191 909 3280 Cresphontem
936 3215 1161 3266 aestumqueros
1189 3200 1279 3289 Kay-

168 3342 280 3403 serus3
296 3319 382 3384 idem
396 3321 431 3383 in
446 3319 597 3384 lemmate
608 3324 734 3384 studiosi
749 3320 810 3405 (sic
823 3319 919 3400 enim,
934 3341 1002 3383 non
1012 3324 1149 3397 studiose,
1170 3331 1281 3386 monet

169 3438 379 3504 scribendum
407 3439 493 3525 csse)
522 3461 582 3526 pro
604 3438 825 3503 additamento
855 3438 988 3501 serioris
1015 3439 1132 3502 aetatis
1161 3437 1279 3524 habet3

167 3560 202 3623 in
221 3557 387 3623 uersibus:
410 3557 572 3622 ‘nullate
593 3557 748 3643 indigna'
772 3578 800 3620 e.
824 3577 855 3641 q.
878 3556 904 3618 s.
926 3543 1009 3642 quae
1030 3556 1155 3643 subripi
1170 3558 1279 3624 Ennio

167 3679 337 3766 Kayserus
358 3698 425 3741 non
444 3675 531 3760 uult,
558 3700 590 3742 u.
615 3679 634 3739 2
655 3682 727 3741 bene
751 3681 897 3740 collocasse·
917 3673 1139 3760 Cauchianus3
1162 3690 1189 3742 te
1209 3683 1281 3745 huic

167 3805 266 3864 locuni
285 3799 370 3863 coni.
391 3797 560 3885 Kayserus
645 3817 678 3860 u.
701 3798 719 3860 3
749 3793 850 3859 adde:
878 3803 905 3859 te
931 3815 992 3857 om.
1018 3794 1125 3880 Opitz.
1212 3797 1278 3861 Ibi-

167 3918 241 3983 dem
263 3919 304 3983 fr.
329 3918 378 3983 VI
401 3917 449 3981 sic
470 3939 488 3981 e
510 3916 603 3980 libris
618 3914 787 4001 Kayserus
808 3911 948 3977 rhetoris
967 3912 1071 3976 uerba
1093 3912 1278 3981 constituit:

167 4041 340 4105 ‘uitiosum
357 4047 406 4103 est
419 4057 515 4124 quom
529 4034 607 4122 quid
629 4053 688 4121 pro
711 4053 749 4097 eo
766 4031 911 4113 sumitur,
933 4031 1019 4118 quod
1042 4033 1145 4097 iuter’
1165 4057 1192 4099 e.
1206 4058 1237 4122 q.
1251 4059 1277 4100 s.

168 4168 199 4225 ct
218 4158 324 4246 ¹paulo
343 4164 432 4246 post:
462 4161 625 4219 ‘utentem
648 4151 900 4239 Cresphontem’
991 4154 1049 4216 164
1068 4175 1175 4234 pacem
1199 4163 1277 4220 enim

166 4289 243 4346 inter
263 4278 407 4366 Kayseri
430 4273 525 4352 codd.
553 4271 677 4359 primae
699 4279 731 4335 et
757 4267 919 4334 secundae
949 4269 1093 4336 familiae
1121 4293 1232 4336 omnes

211 4400 270 4464 172
292 4403 346 4478 qai
364 4414 445 4459 nunc
466 4390 543 4457 libri
558 4384 716 4474 Gallieni,
737 4394 786 4455 ut‘
794 4386 925 4453 uidetur
1009 4388 1203 4456 Hecubae
1225 4392 1275 4457 IV
