2834 4988
249 401 312 468 too
462 427 472 443 =
641 409 917 468 ssrvnlnvu

780 577 828 648 lV

289 705 327 766 10
355 748 365 776 .,
417 748 424 762 .
477 693 619 763 mundus
643 694 1194 780 0001100010000001111101100110,

353 796 404 866 'El
423 798 595 888 Neptunus
616 798 739 867 see'uus
762 799 860 868 undis
885 800 1013 890 isperis
1035 800 1173 890 pausum
1194 797 1295 867 dedit.

353 899 413 969 Sol
433 901 527 992 equis
544 901 607 970 iter
627 902 785 992 repressit
803 902 940 994 ungulis
957 902 1161 972 uolentibus:

353 1002 537 1074 Constitere
558 1005 671 1074 amne's
694 1027 873 1096 perennes,
902 1005 1038 1077 orbores
1059 1007 1159 1076 uento
1182 1007 1315 1073 uacant.

789 1141 824 1209 V

356 1257 493 1352 Quique
514 1262 650 1350 propter
666 1257 859 1329 Heinuibelis
878 1259 991 1351 copias
1010 1257 1208 1329 considerat.

783 1396 832 1466 Vl
1044 1388 1045 1391 '

291 1520 328 1580 15
356 1510 491 1624 Sparsis
512 1513 616 1584 hastis
638 1514 750 1608 longis
770 1537 906 1606 campus
929 1514 1081 1606 splendet
1103 1516 1135 1583 et
1154 1513 1277 1584 horret.

761 1652 823 1723 Vll
838 1650 853 1687 *

356 1765 461 1851 Quam
478 1769 600 1836 tantam
621 1773 762 1842 statuam
781 1774 903 1840 statuet
921 1769 1066 1861 populus
1084 1767 1255 1836 Romanus

355 1868 503 1954 Quamne
522 1870 716 1962 columnam,
737 1897 822 1968 0000
840 1878 939 1968 10000
957 1878 990 1943 01
1008 1877 1064 1942 100
1082 1873 1181 1965 gesta
1198 1871 1366 1963 loquutur.

241 2070 393 2136 Herceum)
463 2072 498 2119 lV
518 2073 661 2143 Macrobius
675 2076 730 2127 Sal.
745 2078 810 2127 Vis
830 2092 856 2142 p.
871 2076 992 2127 013100.
1019 2078 1173 2137 ‘tumpater
1192 2072 1366 2136 omnipotens,

252 2157 335 2190 rerum
350 2143 391 2191 cui
407 2157 506 2191 summa
520 2152 649 2208 potestus,
672 2146 741 2196 lunt:
764 2161 794 2197 eo
814 2147 914 2197 dicente
927 2146 1003 2196 deum
1019 2144 1109 2194 domus
1130 2142 1182 2193 0110
1203 2141 1315 2200 silescit,
1335 2142 1368 2190 El

251 2211 399 2261 tremefacta
411 2212 466 2261 solo
479 2211 569 2274 tellus,
589 2214 647 2264 silet
662 2216 757 2265 arduus
771 2217 868 2271 aether.
897 2217 961 2265 Tum
975 2215 1045 2264 uenti
1058 2228 1181 2280 posuere,
1201 2211 1295 2276 premit
1310 2210 1368 2276 pla·

251 2280 310 2330 cido
323 2296 434 2344 aequora
448 2290 550 2347 pontus.
581 2283 657 2350 [Aen.
671 2287 696 2335 X
709 2285 770 2351 100]
784 2287 880 2336 Ennius
894 2287 921 2335 in
936 2285 1071 2351 Scipione:
1089 2282 1211 2333 mundus'
1226 2297 1249 2330 e.
1267 2297 1292 2342 q.
1308 2283 1330 2328 s'.

287 2352 309 2399 V
329 2350 426 2401 Gellius
444 2353 479 2400 IV
494 2352 510 2400 7
531 2354 665 2404 ‘Valerius
678 2356 776 2405 Probus
847 2355 1016 2405 Hannibalem
1035 2361 1059 2402 et
1074 2350 1260 2402 Hasdrubalem
1280 2350 1369 2399 01Ηο-

252 2420 382 2470 milcarem
403 2422 438 2470 ita
461 2424 655 2486 pronuntiabat,
686 2434 713 2475 ut
734 2425 917 2491 paenultimam
940 2423 1148 2474 circumflecteret
1247 2418 1366 2468 Plautum

252 2498 276 2538 et
290 2490 399 2539 Ennium
414 2490 557 2554 multosque
569 2493 633 2542 ulios
646 2502 746 2545 ueteres
762 2510 791 2544 eo
807 2496 882 2546 modo
898 2494 1078 2561 pronuntiasse
1094 2491 1213 2550 01110001,
1231 2488 1313 2538 solius
1328 2497 1367 2537 ta-

252 2574 309 2609 men
323 2560 399 2625 Ennii
412 2575 514 2610 uersum
528 2577 607 2611 unum
623 2565 695 2629 ponit
709 2580 741 2615 ex
756 2565 836 2626 libro,
856 2566 899 2628 qui
914 2564 1027 2629 Scipio
1044 2562 1199 2611 inscribitur.
1229 2560 1294 2608 Eum
1308 2574 1367 2608 uer-

252 2644 308 2680 sum
323 2629 446 2691 quadrato
459 2645 563 2680 numero
578 2631 672 2682 iactum
688 2635 857 2694 subiecimus,
878 2635 902 2683 in
918 2648 967 2697 quo
981 2632 1032 2682 nisi
1048 2632 1122 2681 tertie
1134 2629 1235 2694 syllaba
1251 2629 1283 2678 de
1297 2629 1367 2678 Han-

252 2697 346 2749 nibalis
361 2700 462 2749 nomine
481 2700 643 2753 circumflexe
656 2711 800 2769 promatur,
819 2719 939 2755 numerus
954 2703 1087 2752 clausurus
1103 2709 1150 2751 est.
1180 2701 1277 2750 Versus
1292 2698 1369 2748 Ennii

253 2783 328 2831 quem
343 2769 409 2818 dixit
423 2770 459 2819 ita
472 2777 523 2818 est:
544 2775 657 2835 queque'
674 2790 696 2823 e.
712 2790 736 2837 q.
751 2790 772 2824 s.
846 2775 881 2822 Vl
901 2772 1045 2823 Macrobius
1059 2771 1113 2820 Sat.
1126 2771 1161 2821 Vl
1175 2771 1231 2834 ip.
1244 2767 1368 2819 519100.

253 2843 320 2886 ‘tum
339 2838 438 2888 ferreus
457 2838 537 2890 hastis
556 2840 645 2891 Horret
666 2858 736 2911 eger.
774 2842 854 2909 [Aen.
870 2842 907 2892 XI
923 2841 990 2906 601]
1014 2843 1131 2891 Horret
1151 2840 1215 2889 mire
1234 2837 1367 2888 sehabet.

252 2908 304 2959 Sed
329 2916 353 2959 et
373 2910 471 2963 Ennius
493 2910 519 2959 iu
545 2920 634 2974 quarto
659 2909 758 2963 decimo
786 2911 854 2977 [Vll]
878 2921 902 2962 01
925 2913 951 2961 10
972 2911 1113 2961 Erechtheo
1137 2907 1194 2973 [Vl]
1218 2915 1242 2957 et
1264 2905 1368 2956 10801-

252 2978 329 3047 pione
345 2980 394 3028 ...⁹
421 2977 526 3029 Seruius
549 2981 772 3034 101100111661
794 2982 919 3032 ‘horret
935 2989 1019 3031 autem
1039 2980 1160 3030 terribilis
1179 2985 1225 3028 est.
1257 2979 1302 3027 Est
1321 2991 1367 3026 au-

252 3057 304 3099 tem
325 3064 415 3099 uersus
433 3050 564 3101 Ennianus
586 3052 745 3118 uituperetus
768 3068 783 3101 0
806 3051 906 3102 Lucilio
930 3053 1030 3102 dicente
1054 3066 1099 3115 per
1122 3048 1282 3107 irrisionem,
1309 3062 1369 3096 eum

252 3119 372 3170 debuisse
397 3119 482 3170 dicere
507 3119 619 3171 horret
644 3130 674 3171 et
698 3122 804 3188 alget?
881 3122 930 3171 Vll
959 3119 1102 3170 Trebellius
1131 3118 1213 3168 Pollio
1238 3115 1329 3168 Claud.
1352 3117 1368 3166 7

296 3288 328 3354 11
360 3296 440 3351 itiner
470 3297 586 3353 Bollius
683 3303 716 3357 16
750 3298 900 3354 constitere
927 3295 1092 3352 Seriuert'us.
1121 3298 1280 3349 consistere
1305 3291 1367 3347 cod.

253 3381 333 3437 Bodl.
356 3382 511 3437 consistere
534 3386 619 3438 celeri
640 3384 704 3438 libri
788 3388 890 3437 uocant
911 3380 985 3435 Med.
1011 3380 1055 3434 An
1070 3385 1174 3449 ungant
1194 3383 1207 3432 l
1230 3376 1269 3447 ef.
1286 3376 1367 3431 Hecl.

253 3466 346 3520 Lustr.
362 3465 429 3520 XII
513 3472 546 3525 14
567 3484 677 3538 000000
697 3466 738 3521 M.
758 3467 896 3522 Hortalus.
921 3481 974 3536 000
997 3464 1057 3519 Vel.
1079 3461 1296 3519 1010110110ηά.
1318 3461 1367 3531 qui

254 3551 342 3620 00100.
369 3551 472 3621 001000
492 3557 557 3622 post
579 3552 838 3607 0600611010οε
859 3550 975 3621 Eplem.
992 3549 1114 3604 1100001.
1135 3551 1203 3606 1840
1220 3565 1253 3617 p.
1271 3549 1322 3604 391

296 3634 435 3690 hanibalis
450 3635 521 3689 Por.
608 3634 770 3690 considerat
784 3636 855 3690 Pur.
871 3634 997 3691 Rotlered.
1020 3632 1200 3688 considerant
1225 3630 1284 3686 Vel.
1305 3645 1369 3684 cum

253 3721 350 3773 ceteris
437 3726 471 3777 10
486 3722 595 3790 spassis
606 3720 676 3774 Par.
695 3721 789 3790 spasis
806 3721 895 3791 Neop.
984 3717 1182 3773 Tetrametrum
1198 3714 1368 3770 trochaicum

255 3804 362 3874 sparsis
455 3805 585 3874 splendet
599 3806 749 3875 horreique
766 3811 792 3859 01
811 3805 897 3875 gemit
911 3805 1059 3874 proposuit
1079 3803 1113 3856 F.
1127 3801 1250 3855 Rilterus
1265 3800 1284 3853 1.
1299 3814 1324 3853 s.

297 3894 329 3947 16
351 3904 433 3957 quum
448 3895 552 3943 tantam
567 3889 761 3945 Luelmeunus
780 3891 818 3944 ud
833 3889 916 3944 Lucr.
932 3887 984 3943 Ill
999 3890 1077 3946 1034.
1100 3892 1230 3957 00001001
1255 3883 1367 3939 Trebel-

253 3975 314 4028 lius.
341 3989 404 4026 nam
426 3979 558 4042 quantem
580 3974 747 4042 8010100010,
769 3975 855 4029 allero
870 3988 955 4028 uersu
972 3990 1027 4028 000
1043 3971 1129 4027 uerba
1143 3970 1194 4025 sed
1207 3970 1370 4047 seutentiam

249 4060 349 4129 poetae
371 4074 388 4111 0
407 4056 538 4114 Trebellio
558 4074 723 4132 expressum
746 4074 805 4114 esse
824 4059 952 4129 00100100
1038 4062 1139 4111 statuet
1158 4053 1367 4109 Laclmonuus.

255 4145 338 4198 100101
360 4142 510 4199 Trebellius
594 4149 625 4205 17
649 4160 770 4214 quamue
788 4143 995 4198 Luclmuunus.
1017 4147 1149 4212 quantam
1175 4138 1325 4194 Trebellius

297 4245 367 4299 quae
389 4233 472 4300 10000
494 4235 520 4283 01
536 4236 583 4285 100
604 4229 697 4300 gesta]
714 4245 786 4299 0000
807 4244 852 4281 res
872 4233 932 4283 luas
951 4232 1046 4299 gestas
1065 4225 1224 4280 Trebellius·
1247 4239 1320 4294 quae
1342 4228 1368 4277 10

254 4331 300 4369 res
316 4319 468 4385 gestusque
484 4313 688 4369 Laclmunmls.
707 4329 751 4366 res
769 4329 840 4384 quae
856 4329 889 4367 00
905 4318 951 4366 100
967 4317 1047 4384 gesta
1062 4309 1192 4366 Columna
