2834 4988
581 391 823 465 anmovrau

616 560 758 631 XXVIII
773 559 789 596 *

244 680 387 761 Seruius
407 682 442 752 in
454 681 539 752 Aen.
561 683 650 753 1741
678 688 774 752 ‘sane
789 681 885 751 Atlas
902 680 1064 752 Graecum
1082 685 1150 767 est,
1175 682 1260 752 sicut

147 791 179 856 et
198 786 300 873 Nilus
337 788 420 857 Nam
442 786 568 856 Ennius
597 786 675 857 dicit
700 785 808 856 Nilum
831 785 994 856 Melonem
1023 786 1152 858 uocari:
1182 787 1260 856 At-

148 890 301 960 Iantem
318 912 400 960 uero
419 889 701 961 Telamonem!
736 889 859 965 Ibidem
877 889 925 959 IV
945 898 1007 960 246
1031 895 1129 960 ‘sane
1145 890 1260 960 Latine

148 994 270 1064 Atlas
290 994 484 1065 Telamon
506 992 642 1080 dicihrr,
669 993 755 1063 sicut
773 993 867 1065 Nilus
887 993 993 1065 Melo!
1069 1072 1074 1080 ,

627 1128 739 1200 XXIX
754 1132 769 1166 ²t¹

248 1251 416 1321 Assaraco
436 1254 535 1320 natos
552 1248 653 1345 Cupis
675 1251 819 1344 optimus
842 1252 937 1346 isque
957 1250 1046 1345 pium
1068 1273 1110 1322 ex
1133 1274 1170 1321 se

248 1355 416 1425 Anchisen
434 1357 573 1448 generat

610 1486 612 1491 ’
654 1492 752 1564 ΧΧΧ
929 1550 932 1555 .

248 1610 372 1706 Accipe
385 1613 499 1707 daque
517 1613 616 1685 fidem
634 1615 821 1707 foedusque
838 1609 902 1699 qu'
918 1613 1003 1689 bene
1020 1611 1161 1683 firmum.

630 1753 741 1823 XXXI
755 1749 772 1788 *

247 1864 312 1939 Olli
333 1872 506 1964 respondit
524 1896 584 1944 rex
602 1874 701 1944 Albai
721 1873 836 1966 longai

621 2010 747 2082 XXXII
761 2009 776 2045 *

185 2135 224 2196 35
252 2126 345 2212 Quos
367 2129 518 2202 homines
541 2135 710 2227 quondam
728 2131 902 2204 Laurentis
919 2132 1007 2196 terra
1023 2126 1155 2216 recepit.

618 2272 758 2342 XXXIII
773 2268 788 2305 *

232 2385 386 2475 ¹Seruius
406 2387 438 2457 in
456 2389 541 2459 Aen.
559 2388 608 2459 VI
627 2401 687 2462 778
712 2397 812 2483 ‘ergo
833 2411 897 2460 auo
919 2409 956 2455 se
976 2385 1074 2454 addet
1090 2384 1257 2454 comitem:

148 2492 204 2557 aut
226 2490 315 2558 auito
340 2513 377 2560 se
398 2492 514 2584 iunget
536 2493 690 2584 imperio,
725 2500 782 2565 aut
803 2497 891 2563 certe
913 2490 1093 2560 secundum
1118 2488 1257 2557 Ennium

148 2593 305 2663 referetur
325 2593 408 2663 inter
427 2595 509 2666 deos
528 2620 601 2666 cum
622 2599 746 2668 Aenea.
784 2598 869 2667 Dicit
890 2616 1030 2686 namque
1045 2592 1135 2661 iliam
1154 2592 1259 2661 fuisse

147 2694 244 2765 filiam
270 2697 423 2787 Aeneae3
467 2700 556 2792 quod
587 2701 614 2770 si
648 2706 715 2787 est,
751 2704 885 2771 Aeneas
914 2720 999 2767 auus
1030 2700 1080 2765 est
1097 2692 1258 2765 'Romuli’

146 2799 265 2871 Ibidem
287 2800 380 2872 tara
411 2804 574 2873 ‘Naeuius
598 2808 630 2874 ei
645 2805 771 2875 Ennius
795 2807 929 2873 Aeneae
956 2799 1084 2870 exsilia
1105 2792 1259 2889 nepotem

147 2903 322 2974 Romulum
343 2907 548 2978 conditorem
572 2909 662 2978 urbis
686 2909 837 2978 tradunt!
881 2907 929 2976 ct.
952 2902 1150 2974 Niebuhrius
1173 2903 1256 2996 Hist.

148 3005 241 3077 Rom.
261 3007 274 3077 I
293 3017 354 3080 233
377 3010 428 3079 ed.
450 3020 479 3081 3.
503 3011 538 3081 F.
559 3013 706 3081 Riiterus
728 3013 811 3081 Mus.
837 3009 949 3101 philol.
973 3007 1092 3078 11482.

146 3222 227 3258 norme
246 3209 335 3260 diuina
346 3213 522 3276 prouidentia·
549 3232 571 3264 e.
593 3232 618 3277 q.
640 3231 661 3262 s.
732 3214 820 3263 XXIX
843 3211 1008 3274 Philargyrus
1024 3208 1049 3256 in
1064 3206 1156 3271 Georg.
1173 3207 1208 3255 III
1224 3205 1259 3257 35
1278 3200 1289 3217 ⁸

147 3280 205 3342 ‘per
223 3280 375 3330 Assaracum
395 3282 521 3333 Troianos
541 3284 612 3334 dicit.
644 3284 709 3333 Nam
730 3286 870 3334 Assaracus
890 3295 953 3330 auus
976 3277 1113 3327 Anchisae.
1146 3277 1257 3326 Ennius:
1353 3304 1358 3317 ι

148 3349 285 3399 Assaraeo’
306 3367 328 3400 e.
343 3367 367 3413 q.
382 3368 403 3401 s.
476 3354 551 3403 XXX
570 3355 713 3418 Macrobius
729 3354 781 3404 Sat.
799 3355 835 3402 VI
851 3352 863 3401 l
881 3367 907 3416 p.
922 3349 1039 3399 49911111.
1056 3347 1158 3411 ‘accipe
1175 3347 1259 3411 daque

146 3417 233 3468 fldem:
254 3427 312 3468 suut
324 3420 397 3471 nobIs
411 3421 488 3472 fortia
501 3424 569 3473 bello
583 3426 697 3476 Pectora.
727 3424 801 3490 [Aen.
813 3423 873 3473 VIII
889 3419 949 3484 150]
965 3419 1061 3468 Ennius
1077 3418 1103 3465 in
1118 3417 1230 3482 primo..
1242 3419 1257 3466 .'

147 3486 185 3538 Cf.
202 3488 344 3555 Porphyrio
360 3492 386 3540 in
401 3493 462 3541 Hor.
480 3493 565 3542 Garm.
582 3496 617 3543 III
632 3497 674 3552 24,
691 3495 725 3544 50
742 3495 835 3544 ‘bene
850 3506 898 3557 pro
910 3490 987 3540 ualde
1001 3489 1126 3554 positum,
1146 3493 1174 3535 ut
1189 3488 1258 3554 apud

146 3558 254 3609 Ennium
273 3558 436 3623 frequenter:
509 3563 597 3613 XXXI
620 3565 713 3613 Atilius
731 3563 927 3614 Fortunatianus
949 3577 975 3626 p.
992 3557 1058 3609 2691
1079 3558 1107 3605 P.
1131 3556 1198 3622 (340
1213 3556 1259 3621 G.)

146 3625 319 3693 (hexameter)
344 3632 480 3681 ‘minImus
498 3632 576 3683 habet
594 3633 656 3683 XII'
684 3634 735 3697 (so.
755 3630 883 3698 syllabas)
908 3637 948 3679 ‘ut
966 3637 1004 3680 est
1023 3629 1168 3678 Ennianus:
1198 3626 1257 3679 ottt'

146 3713 168 3746 e.
185 3713 209 3761 q.
223 3714 244 3747 s.
274 3698 388 3750 Donatus
404 3701 436 3751 de
450 3702 619 3752 barbarismis
635 3720 660 3769 p.
676 3703 743 3754 1772
758 3705 786 3753 P.
807 3702 855 3769 (30
867 3696 959 3758 Liud.)
976 3695 1129 3760 ‘occiperes
1147 3734 1152 3746 .
1171 3735 1177 3746 .
1193 3735 1199 3746 .
1216 3706 1257 3747 ut:

146 3765 203 3816 olli’
223 3784 244 3818 e.
262 3784 286 3831 q.
304 3784 325 3819 s.
364 3771 502 3836 Pompeius
516 3772 609 3822 Donati
630 3781 763 3823 comment.
781 3790 807 3839 p.
822 3773 872 3823 448
886 3771 962 3822 Liud.
989 3773 1062 3817 ‘nam
1077 3767 1201 3819 diaeresis
1220 3776 1260 3818 est

147 3836 241 3886 Albai
256 3837 366 3904 longai
383 3856 430 3906 pro
446 3855 476 3890 eo
492 3842 559 3904 quod
577 3851 615 3892 est
632 3843 713 3893 Albae
728 3843 837 3908 longae!
871 3842 941 3890 Idem
952 3838 1103 3904 'exemptum
1116 3838 1220 3905 irrepsit
1232 3838 1265 3887 In<

146 3906 204 3956 edd.
226 3906 286 3970 aliq.
308 3915 408 3960 ueteres
424 3911 516 3961 Isidori
530 3911 602 3977 Orig.
617 3914 629 3962 I
643 3910 678 3964 34
711 3912 817 3963 Seruius
833 3915 858 3961 in
873 3913 936 3960 Aen.
953 3909 989 3959 XI
1003 3908 1054 3959 236
1070 3907 1147 3959 ‘otti
1165 3907 1205 3959 ilii
1217 3922 1259 3958 se·¹

145 3975 255 4026 cundum
267 3978 395 4028 Ennium!
465 3981 565 4031 XXXII
584 3982 729 4032 Priscianus
742 3984 789 4032 VII
806 3999 832 4048 p.
843 3983 893 4032 702
908 3982 935 4030 Ρ.
953 3982 978 4045 (I
993 3996 1019 4045 p.
1031 3976 1081 4029 332
1096 3975 1141 4039 Κ.)
1161 3977 1258 4033 ‘Latr-

145 4047 262 4097 rentIs'
288 4047 497 4116 (laurentirjrs
518 4048 613 4117 Sang.)
636 4053 729 4103 ‘etiam
751 4068 797 4119 pro
816 4052 929 4101 Laurens
951 4049 1077 4099 dicebant.
1117 4048 1213 4096 Ennius
1232 4044 1259 4097 iu

146 4195 348 4205 ——.--

186 4302 221 4357 33
240 4300 372 4372 serusque
389 4298 479 4372 Neup.
587 4304 623 4361 35
644 4296 811 4381 Laurentius
830 4301 918 4358 Bern.
1007 4264 1107 4368 recipit
1120 4293 1208 4350 Bero.
