2834 4988
138 431 251 480 xxxv1
536 421 849 491 QVAESTIONES

140 588 159 648 l.
174 589 193 648 1.
208 606 236 667 p.
252 584 323 647 387.
347 585 411 660 Qua
426 586 621 666 discrepantia
638 586 754 647 adducti
769 588 882 666 quidam
893 597 924 648 ut
935 586 1071 648 Dauisius
1086 585 1122 645 ad
1136 583 1199 645 (iic.
1213 584 1250 644 de

139 692 197 751 diu.
221 690 307 767 148,
331 693 389 753 tot
414 703 443 753 et
454 693 655 774 Wopkeusius
678 693 760 753 beet.
784 691 859 754 Tull.
880 712 909 773 p.
921 692 983 755 262
999 695 1151 772 inportuna
1167 710 1249 752 mauu

140 798 296 858 emendare
322 817 442 877 uersus,
473 803 554 879 quasi
583 800 704 860 Ennium
735 801 771 860 de
799 799 892 862 Ennio
921 800 1089 880 expulsuri,
1117 799 1250 877 adgressi

140 912 214 963 suut.
261 901 323 964 Nec
345 923 415 964 saue
437 905 626 985 iiottiugerus
642 908 678 967 ad
700 905 762 968 Gic.
787 908 806 968 l.
831 909 851 968 i.
875 911 1013 969 memoria
1032 910 1060 968 in
1083 925 1118 967 ea
1132 925 1166 966 re
1188 905 1249 985 lap·

140 1028 202 1068 sum
225 1028 292 1069 esse
311 1018 428 1089 poetam
451 1016 594 1094 cuiquam,
616 1016 731 1093 opinor,
755 1016 952 1093 persuadebit.
1007 1015 1162 1094 iutegritas
1185 1031 1249 1073 uer·

140 1134 232 1191 suum,
255 1117 283 1175 in
306 1117 409 1194 quibus
431 1117 480 1177 uel
500 1121 562 1180 siue
585 1123 750 1181 testimonio
775 1122 843 1183 nihil
864 1123 1027 1183 mutandum
1049 1121 1117 1197 tutu,
1142 1121 1249 1181 iudicio

141 1223 236 1282 Seruii
260 1222 386 1284 iirmatur
408 1226 436 1284 in
458 1225 593 1287 Aemili
615 1229 673 1289 46:
705 1233 839 1289 Romulus
869 1237 980 1304 captato
1004 1235 1121 1306 cupario
1141 1232 1248 1287 bocwm

140 1335 174 1389 de
188 1336 321 1390 Auentino
345 1343 435 1392 moute
453 1339 481 1391 iu
499 1339 657 1395 Palatinum
676 1342 750 1410 iecit,
769 1354 841 1412 queue
857 1340 920 1410 fixo
942 1336 1070 1409 fronduit
1082 1344 1108 1394 et
1121 1338 1248 1393 arborem

135 1442 218 1514 feeit:
249 1425 389 1498 ou'rtm.
410 1438 493 1498 Rom.
526 1459 551 1500 c.
576 1440 616 1502 20
646 1440 729 1502 Ouid.
759 1441 828 1502 Met.
857 1439 1011 1502 XV‘560.
1056 1440 1165 1501 Hastae
1192 1439 1248 1499 uim

139 1564 174 1605 ac
202 1546 349 1605 notionem
380 1545 589 1623 Schwegierus
617 1549 638 1607 i.
670 1550 688 1609 Ι.
713 1569 742 1629 p.
767 1549 827 1609 395
859 1545 1007 1626 expendit.
1051 1548 1110 1608 Sed
1140 1547 1249 1607 Remus

140 1653 168 1710 in
191 1670 277 1731 quem
299 1661 425 1710 moutem
447 1655 597 1730 augurium
621 1665 736 1734 captum
758 1657 854 1732 inerit,
878 1671 934 1714 nou
954 1654 1059 1714 dicitur
1074 1652 1248 1713 iniiiisuer·

140 1757 236 1818 sibus:
260 1767 289 1817 et
313 1767 410 1818 tameu
430 1778 535 1818 nexum
553 1761 577 1818 si
595 1771 732 1822 accurate
748 1761 952 1841 perpenderis,
976 1762 1003 1821 id
1016 1760 1170 1821 memorari
1183 1766 1248 1819 aute

141 1885 168 1925 u.
188 1863 229 1925 82
249 1864 388 1925 debuisse
410 1865 568 1925 concedes.
615 1867 680 1939 Quo
701 1885 765 1926 cum
787 1868 946 1928 accederet
966 1869 1038 1927 mira
1060 1865 1202 1947 quaedam
1222 1866 1249 1923 iu

141 1974 199 2033 buc
222 1992 310 2033 uersu
334 1971 445 2032 codicis
469 1973 624 2050 scriptura,
647 1973 683 2032 de
704 1973 806 2034 lacuna
828 1975 955 2052 cogitaui
978 1974 1060 2032 unius
1082 1971 1185 2030 saitem
1201 1968 1248 2029 uei

140 2080 260 2140 duorum
283 2096 438 2154 uersuum,
469 2096 543 2157 quos
568 2087 660 2137 utrum
686 2076 792 2139 Cicero
816 2083 946 2141 omiserit
965 2079 1099 2140 consulto
1124 2097 1160 2137 au
1183 2096 1248 2157 per·

138 2187 224 2246 ierint
246 2187 429 2246 librariorum
450 2186 560 2244 incuria
582 2203 638 2246 nou
662 2186 773 2245 dirimo.
813 2185 876 2260 Qua
898 2205 930 2246 re
954 2203 1017 2246 cum
1040 2186 1075 2246 ad
1099 2187 1247 2246 coniectu·

139 2311 199 2353 ram
222 2312 271 2353 res
294 2292 406 2366 redeat,
429 2294 456 2350 iu
479 2291 615 2351 Remuria
632 2290 786 2370 probabile
806 2300 852 2350 est
873 2290 994 2351 Remum
1015 2293 1164 2368 augurium
1197 2308 1247 2350 ex·

140 2407 295 2476 peccasse:
322 2397 397 2457 baec
426 2399 499 2457 euim
527 2416 595 2458 uera
620 2396 703 2457 Ennii
735 2398 822 2457 lectio
851 2417 879 2455 u.
910 2396 950 2457 85
984 2402 1128 2457 certabunt
1153 2402 1247 2457 orbem

143 2508 260 2564 Romam
280 2508 466 2563 Remoramne
486 2517 635 2563 mucorem.-
656 2521 711 2563 uec
734 2505 762 2561 iu
782 2520 819 2562 eo
839 2503 974 2563 haerebis
996 2503 1073 2581 quod
1089 2508 1247 2575 Remorum,

142 2627 198 2668 uun
227 2614 387 2669 Remurium
416 2609 521 2669 dixerit
546 2616 644 2688 poeta.
691 2607 822 2688 Cumque
844 2608 1002 2685 Dionysius
1031 2608 1124 2669 Halic.
1148 2608 1246 2687 Autiq.

142 2714 225 2773 Rom.
245 2714 313 2775 185
337 2733 365 2793 p.
383 2714 444 2774 222
461 2715 561 2775 Reisk.
586 2715 622 2776 de
639 2714 775 2776 Remuria
798 2715 857 2777 ἔστι
879 2714 910 2776 di
924 2717 1001 2777 dicat
1016 2708 1048 2776 τὸ
1066 2715 1174 2798 χωρίον
1186 2704 1247 2775 ἐπι-

141 2813 258 2899 τήδειον
272 2814 476 2897 ὑποδέξασθαι
489 2816 586 2896 πόλιν,
609 2814 700 2900 λόφος
721 2812 756 2882 οὖ
769 2819 870 2902 πρόσω
889 2827 942 2884 τοῦ
961 2819 1095 2901 Τιβέριος
1110 2821 1248 2915 κείμενος,

141 2920 258 3006 ἀπέχων
279 2930 329 3006 τῆς
347 2921 458 3007 Ῥώμης
470 2918 548 3008 ἀμφὶ
563 2927 630 3001 τοὺς
651 2920 810 3008 τριάκοντα
826 2929 970 3004 σταδίους,
992 2935 1023 2986 et
1044 2935 1148 3004 postea
1168 2944 1195 2987 c.
1208 2924 1248 2987 86

142 3051 170 3111 p.
191 3031 251 3092 224
273 3031 374 3094 Reisk.
396 3020 437 3115 ἦν
460 3032 493 3095 δὲ
508 3028 645 3119 Ῥωμύλῳ
669 3032 722 3113 μὲν
748 3028 967 3115 οἰωνιστήριον,
993 3031 1070 3092 ἔνθα
1090 3022 1175 3111 ἠξίου
1195 3026 1249 3112 τὴν

140 3133 284 3202 ἀποικίαν
303 3136 432 3223 ίὸρνίσαι,
448 3134 479 3203 τὸ
501 3135 687 3202 Huicimmo·
721 3135 881 3227 ‘Puipqo'di
900 3132 1025 3221 προεχὴς
1040 3133 1142 3223 ἐκείνῳ
1158 3132 1248 3217 λόφος

141 3240 303 3322 Αὐεντῖνος
317 3245 510 3330 καλούμενος·
536 3241 581 3321 ὡς
600 3247 638 3308 di
656 3269 755 3320 τινες
777 3246 1004 3324 ἱστοροῦσιν,
1027 3235 1247 3327 ἡῬωμορία,

141 3354 303 3432 aDionysii
325 3357 456 3435 partibus
473 3355 603 3416 standum
624 3357 689 3430 erit,
710 3353 890 3436 quantumuis
907 3367 990 3425 uuus,
1013 3350 1037 3408 si
1051 3341 1167 3428 quidem
1183 3352 1246 3411 Ste-

136 3461 253 3541 phanus
275 3462 394 3537 Byzant.
418 3482 446 3541 p.
467 3462 539 3536 544,
559 3460 577 3521 3
600 3460 674 3521 haec
689 3455 840 3541 Ῥεμοορία
855 3452 939 3527 πόλις
955 3456 1081 3533 πλησίον
1096 3448 1206 3537 Ῥώμης
1230 3476 1246 3516 e

141 3568 295 3645 Dionysio,
316 3576 347 3627 ut
369 3567 463 3626 credit
484 3566 708 3644 Schwegierus⁷
732 3567 836 3639 hausit,
862 3561 1027 3623 Remurium
1045 3563 1081 3623 ab
1100 3563 1247 3624 Aueutiuo

142 3676 288 3736 diuersam
307 3672 470 3753 perhibeat.
514 3670 567 3732 Cui
586 3664 875 3750 uumScbweglerus
898 3671 917 3730 i.
933 3671 952 3731 l.
968 3689 996 3749 p.
1012 3670 1073 3730 440
1090 3669 1246 3731 fidemnon

142 3782 265 3858 babeat,
299 3798 400 3860 parum
435 3782 606 3859 respexisse
637 3779 758 3840 Ennium
793 3779 924 3839 uidetur:
957 3777 1032 3855 apud
1068 3795 1154 3855 quem
1183 3794 1246 3836 cum

142 3888 303 3948 Auentinus
327 3897 521 3966 occuparetur
542 3905 559 3947 a
582 3888 718 3963 Romulo⁷
742 3885 877 3944 Remuria
902 3883 1010 3964 quoium
1029 3906 1057 3945 τι
1078 3887 1131 3943 τοῦ
1149 3873 1247 3962 Ἀβεν-

142 3994 224 4056 τίνου
243 3988 393 4075 καρτερόν,
416 4003 446 4053 ut
469 3996 507 4053 ait
529 3993 699 4054 Plutarchus
723 3993 804 4051 Rom.
833 4011 859 4051 o.
885 3991 940 4066 11,
963 4008 1032 4050 esse
1054 3989 1170 4048 omniuo
1191 4006 1247 4048 nou

142 4103 246 4181 potuit.
284 4100 330 4161 Gi.
351 4099 527 4160 Niebubrius
553 4100 572 4159 Ι.
597 4101 615 4160 i.
636 4100 648 4160 1
669 4098 739 4159 248.
781 4096 889 4158 Verum
915 4096 999 4156 Ennii
1026 4097 1154 4155 narratio
1182 4093 1246 4155 aliis
1320 4142 1325 4151 ,

141 4227 258 4287 quoque
287 4207 447 4268 nominibus
478 4226 493 4267 a
524 4206 717 4285 posteriorum
747 4205 884 4262 memoria
912 4202 1008 4262 distat.
1065 4198 1142 4260 Nibii
1172 4201 1246 4260 enim

139 4314 225 4376 tradit
248 4315 284 4375 de
305 4313 387 4374 Remi
416 4314 619 4394 qualicumque
647 4311 787 4387 augurio:
819 4308 923 4369 nedum
948 4309 986 4369 de
1009 4307 1112 4368 fraude
1132 4306 1246 4369 Romuli
