2834 4988
144 374 228 421 ων
543 363 853 432 QVAEST10NES

144 534 200 594 lum
223 532 370 592 Porsenae
392 529 500 589 incidit.
545 528 694 589 Horatium
715 528 858 590 Coclitem
882 533 973 607 enim,
1000 548 1058 590 non
1079 531 1129 610 qui
1162 530 1252 607 uulgo

143 637 319 700 credebatur
348 655 365 695 e
396 636 555 713 trigeminis
586 654 687 711 unum,
724 636 771 696 bic
796 656 898 698 uorsus
926 642 971 697 bio
997 657 1114 699 occasus
1145 642 1252 697 dauci.-

142 757 173 807 ut
195 750 307 805 Oratim
327 748 445 803 inclutus
464 748 537 802 cuttu
559 742 604 822 (l)
628 743 771 820 designat.
803 744 866 818 Qua
889 747 964 806 eniur
986 747 1098 806 ratione
1121 743 1173 804 ille
1194 743 1250 804 llo·

143 855 233 914 ratius
255 853 329 913 saltu
352 850 476 909 inclutus
498 851 626 926 dicatur,
657 851 736 930 quod
763 852 915 930 epitheton
937 854 1037 913 mirum
1062 869 1147 931 quam
1175 850 1251 911 bene

143 954 249 1016 Cocliti
265 953 440 1017 conueniat‘.l
459 955 557 1035 Atque
571 956 645 1018 baec
658 960 732 1018 ratio
748 977 840 1037 penes
853 979 898 1019 me
914 958 1066 1038 praeualet
1078 958 1158 1018 Festi
1170 960 1250 1019 testi·

143 1066 257 1141 monio,
282 1067 330 1144 qui
353 1083 369 1124 e
394 1064 435 1140 ll,
456 1081 513 1123 non
536 1065 582 1124 cui
604 1064 720 1124 uindico
744 1084 760 1124 e
784 1064 823 1124 lV
846 1065 940 1125 adfert
962 1067 1165 1144 fragmentum.
1194 1064 1250 1127 Nu·

143 1172 214 1230 meri
243 1173 446 1233 emendatione
474 1170 582 1249 egebat
609 1173 693 1233 etiam
723 1172 800 1251 quod
831 1170 857 1232 ll
885 1173 1018 1250 ascripsi.
1068 1172 1092 1233 E
1121 1172 1149 1235 11
1177 1175 1251 1234 enirn

143 1280 237 1338 annali
260 1279 381 1340 traditur
403 1279 605 1356 fragmentum,
628 1280 705 1357 quod
728 1278 872 1355 llbergius
895 1278 964 1338 uidit
984 1277 1071 1339 blucii
1087 1280 1250 1342 Scaeuolae

141 1385 251 1461 uerba,
281 1405 297 1447 a
328 1396 418 1447 matre
443 1395 536 1447 semet
564 1404 622 1445 non
650 1387 779 1465 spretum
805 1386 839 1444 iri
865 1385 1055 1464 confidentis,
1089 1389 1248 1449 continere.

142 1492 243 1552 Anxur
272 1492 447 1553 Volscorum
482 1494 582 1553 urbem
615 1502 810 1572 expugnatam
837 1490 934 1551 Liuius
967 1492 1007 1552 lV
1035 1495 1075 1556 59
1108 1496 1250 1575 perhibuit

141 1605 284 1676 (oppidum
312 1612 405 1660 uetere
424 1605 542 1677 fortuna
563 1607 720 1674 opulentum
742 1605 948 1659 treseccereitue
964 1588 1137 1679 timpum).-
1168 1623 1250 1683 quam

142 1725 203 1765 rem
224 1706 344 1766 Ennium
364 1709 497 1786 tetigisse
521 1707 618 1786 potius
642 1724 725 1784 quam
751 1705 925 1784 explicatius
953 1725 1088 1769 narrasse
1120 1712 1250 1772 credide·

142 1815 208 1874 rim:
236 1831 406 1893 quamquam
429 1832 445 1872 e
474 1813 598 1872 irustulo
635 1817 780 1874 Vulccutua
802 1818 926 1888 perdidit
946 1820 1050 1876 Anxur
1075 1815 1148 1896 (tlt)
1183 1818 1250 1878 nibil

143 1922 308 2000 conligitur.
354 1918 491 1981 Ceterum
515 1921 612 1981 Liuius
635 1920 757 1981 eandem
781 1920 880 1979 urbem
903 1923 988 1981 etiam
1012 1924 1180 2002 posteriore
1200 1925 1249 1984 ob·

144 2029 257 2090 sidicne
286 2037 421 2089 uexatum
451 2028 552 2089 tradit:
586 2028 624 2087 cl.
648 2028 675 2085 V
698 2026 728 2087 8.
753 2025 801 2086 12.
827 2027 875 2088 13.
926 2027 958 2088 ln
983 2029 1057 2091 idem
1087 2030 1151 2091 iero
1181 2040 1249 2091 tem·

145 2153 199 2213 pus
222 2134 341 2210 (Anxur
364 2135 437 2194 enim
458 2152 484 2193 a.
507 2152 535 2193 u.
559 2152 585 2193 c.
615 2133 676 2194 349
705 2142 901 2211 expugnatum
926 2138 987 2214 est)
1016 2136 1089 2196 solis
1117 2137 1249 2200 deiectus

143 2242 235 2316 eadit,
261 2260 346 2320 quem
370 2240 492 2300 Ennium
517 2241 543 2299 in
566 2239 716 2298 annalibus
741 2248 860 2299 notasse
888 2238 996 2300 Cicero
1018 2241 1055 2301 de
1078 2261 1111 2302 re
1135 2244 1248 2322 publica

142 2347 154 2406 Ι
180 2347 227 2423 16,
247 2346 286 2406 25
301 2355 423 2406 testatur
436 2346 519 2425 (tv).
544 2343 792 2406 cunimundum
810 2345 885 2406 Hist.
900 2346 983 2408 Rom.
996 2347 1009 2408 l
1022 2347 1094 2424 279,
1119 2352 1168 2428 qui
1185 2351 1248 2411 snb-

144 2454 251 2525 tiliter,
275 2461 456 2530 quapropter
477 2458 570 2511 tunam
591 2460 620 2510 et
638 2463 741 2512 nucum
765 2452 916 2512 obstitisse
940 2453 1015 2512 soli
1036 2453 1146 2517 Ennius
1162 2457 1248 2535 dicat,

144 2558 299 2636 explicuit,
327 2575 498 2636 quamquam
532 2575 568 2615 ne
595 2576 670 2618 nunc
698 2559 813 2637 quidem
841 2561 908 2621 mibi
936 2562 1107 2623 incredibile
1140 2575 1188 2626 est
1216 2567 1249 2628 ad

142 2685 201 2724 nox
222 2680 326 2722 uocem
345 2664 422 2726 aliud
444 2662 563 2723 uerbum
575 2663 666 2724 fuisse
684 2667 817 2743 proximo
832 2685 920 2726 uersu
938 2667 1092 2745 adiectum,
1114 2673 1249 2733 omissum

145 2790 161 2831 a
183 2769 347 2846 Cicerone,
369 2772 417 2850 qui
440 2771 511 2830 satis
533 2769 660 2831 babebat
683 2773 767 2832 linem
787 2791 891 2833 uersus
907 2774 1034 2834 adferre.
1065 2774 1140 2837 lllud
1156 2788 1249 2840 antem

142 2880 290 2958 ineptum,
318 2879 396 2956 quod
416 2877 548 2937 Osannus
572 2878 607 2937 ad
628 2875 691 2938 Cic.
716 2879 736 2939 l.
759 2879 779 2940 l.
811 2882 876 2940 anni
900 2891 929 2941 et
947 2882 1004 2943 diei
1026 2891 1110 2942 notas
1133 2892 1249 2963 po‘etam

144 3003 202 3045 non
224 2986 252 3045 in
274 2985 356 3064 ipsos
375 3003 479 3045 uersus
502 2985 684 3045 inmiscuisse
706 2987 758 3046 sed
779 2989 910 3065 margini,
932 2991 1248 3068 quo‘progredieutem

142 3093 277 3172 paulatim
299 3093 494 3154 narrationem
518 3111 637 3171 semper
663 3103 761 3154 notata
791 3103 923 3173 tempora
949 3096 1172 3175 comitarentur,
1202 3099 1248 3160 ad·

141 3203 271 3280 pinxisse
295 3202 429 3280 opinatus
449 3208 504 3260 est.
539 3199 651 3259 Annum
674 3201 790 3279 quidem
807 3219 893 3279 quem
909 3199 1014 3262 Cicero
1030 3204 1140 3263 notauit
1153 3202 1248 3267 0001.

139 3325 197 3367 non
216 3328 253 3368 ex
275 3308 380 3383 Ennio,
404 3309 484 3367 cuius
507 3316 670 3386 temporum
692 3307 851 3387 descriptio
864 3326 880 3368 a
895 3309 1020 3386 uulgari,
1041 3326 1126 3386 quam
1143 3307 1248 3371 Cicero

141 3416 282 3492 sequitur,
306 3414 412 3491 longe,
435 3423 466 3472 ut
483 3414 622 3489 uidimus,
650 3413 790 3490 distabat,
822 3415 876 3473 sed
904 3434 921 3474 e
946 3416 1075 3474 maximis
1099 3418 1248 3479 annalibus

140 3518 245 3577 hausit.
297 3518 406 3579 Ennius
438 3537 495 3598 quo
529 3520 615 3579 modo
647 3539 749 3581 annum
780 3520 857 3580 illius
890 3519 961 3578 solis
995 3520 1130 3583 deiectus
1161 3525 1247 3603 sigui·

141 3623 256 3700 boarit,
297 3627 440 3687 nescitur:
478 3626 554 3704 quod
591 3636 686 3688 autem
723 3627 816 3687 semel
852 3636 988 3687 accurate
1024 3628 1099 3688 diem
1133 3650 1247 3693 ennum-

141 3749 197 3809 que
228 3732 408 3811 descripsit,
447 3732 513 3793 inde
546 3733 606 3793 noli
636 3737 791 3813 quicquam
824 3733 861 3792 de
895 3735 1054 3795 constantia
1092 3739 1120 3797 in
1150 3757 1186 3799 ea
1217 3758 1247 3800 re

141 3838 263 3917 quadam
286 3839 448 3918 conligere,
472 3859 557 3919 quam
578 3840 646 3900 mibi
669 3841 795 3918 quidem,
819 3839 897 3918 quod
919 3858 1006 3919 supra
1022 3843 1115 3921 tetigi,
1142 3846 1248 3908 nullam

140 3945 231 4004 luisse
255 3964 426 4025 persuasum
449 3956 503 4007 est.
548 3945 682 4026 Denique
704 3946 771 4006 bule
794 3946 870 4006 libro
891 3946 1008 4007 uindico
1029 3948 1138 4011 bellum
1161 3951 1247 4013 Galli·

140 4069 218 4111 cum:
242 4051 321 4128 quod
341 4049 450 4112 bellum
469 4071 526 4132 quo
549 4054 712 4130 fragmento
739 4053 897 4131 significari
927 4053 1006 4113 uolui
1030 4053 1101 4134 (Vl)
1133 4057 1204 4117 illud
1232 4074 1247 4116 a

139 4156 289 4218 Macrobio
309 4159 370 4217 Sat.
391 4154 404 4215 l
426 4157 444 4216 4
469 4175 497 4235 p.
520 4155 560 4218 26
578 4160 642 4219 lan.
666 4177 683 4217 e
706 4161 831 4238 septimo
853 4160 947 4221 annali
966 4163 1080 4222 citatur.
1127 4163 1175 4224 Ac
1202 4164 1245 4223 lir-

98 4347 101 4353 ,
140 4281 218 4323 mare
242 4262 356 4325 Merula
378 4263 484 4324 bonum
511 4265 704 4325 testimouium
725 4266 827 4326 iraude
854 4285 906 4327 sua
935 4268 1056 4328 studuit:
1086 4286 1171 4348 quarn
1193 4269 1247 4330 llu-
