2834 4988
526 412 767 482 RELIQVIAE
1144 406 1205 474 173

625 583 672 652 Xl

194 717 276 785 Nam
295 736 368 784 eum
392 719 497 784 terras
523 714 689 799 circuiret,
720 712 804 781 utin
827 734 1067 805 quamcumque
1085 712 1203 804 regio-

92 839 167 888 nem
190 822 343 898 uenerat,
378 840 479 908 reges
506 817 713 908 principesue
741 815 940 907 populorum
968 815 1112 907 hospitio
1142 815 1202 885 sibi

93 926 125 991 et
143 922 283 991 amicitia
301 920 477 1011 copulabat
499 923 531 990 et
549 943 623 990 cum
641 945 662 990 a
682 942 815 1013 quoque
834 919 1078 1012 digrederetur,
1105 919 1204 988 iube-

94 1027 148 1094 bat
166 1025 227 1094 sibi
250 1026 362 1093 fanum
381 1025 483 1093 creari
506 1024 646 1115 hospitis
667 1024 718 1094 sui
738 1022 884 1108 nomine,
913 1023 1007 1116 quasi
1024 1023 1069 1092 ita
1087 1025 1203 1112 posset
1222 1036 1262 1098 50

92 1129 251 1197 amicitiae
283 1130 315 1196 et
339 1126 484 1197 foederis
507 1127 660 1197 memoria
686 1127 887 1197 conseruari.
941 1125 996 1196 Sic
1025 1126 1203 1196 constituta

93 1234 170 1300 sunt
204 1230 325 1321 templa
360 1230 427 1299 loui
457 1232 635 1316 Ataburio‚
670 1231 740 1301 Ioui
769 1229 964 1299 Labrandio.
1023 1229 1203 1299 Ataburius

93 1335 177 1403 enim
199 1337 231 1402 et
252 1334 455 1403 Labrandius
476 1334 625 1425 hospites
649 1334 721 1403 eius
744 1338 842 1426 atque
866 1333 1035 1402 adiutores
1060 1333 1092 1400 in
1116 1332 1202 1402 bello

92 1439 235 1506 fuerunt.
287 1428 366 1506 Item
395 1436 465 1506 loui
487 1436 624 1528 Laprio,
662 1438 731 1507 loui
757 1435 908 1521 Molioni,
944 1436 1013 1504 loui
1041 1434 1138 1505 Casio
1172 1439 1204 1504 et

93 1563 178 1632 quae
202 1542 280 1609 sunt
307 1541 339 1608 in
362 1541 502 1609 eundem
528 1540 672 1609 modum.
715 1539 812 1624 Quod
837 1539 891 1607 ille
917 1539 1118 1608 astutissime
1138 1561 1202 1607 ex·
1220 1558 1260 1618 55

92 1643 266 1735 cogitauit,
300 1647 336 1712 ut
364 1647 396 1712 et
419 1643 480 1712 sibi
508 1643 668 1713 honorem
694 1643 839 1712 diuinum
868 1645 900 1710 et
922 1642 1107 1732 hospitibus
1132 1642 1202 1710 suis

93 1750 287 1837 perpetuum
323 1769 443 1816 nomen
475 1747 660 1838 acquireret
686 1768 759 1815 cum
788 1745 949 1837 religione
983 1745 1202 1815 coniunctum.

93 1850 288 1919 Gaudebant
309 1872 392 1941 ergo
411 1850 456 1918 illi
480 1853 512 1918 et
534 1850 610 1918 hinc
627 1849 764 1939 imperio
785 1850 856 1918 eius
875 1849 1013 1919 libenter
1035 1848 1204 1941 obseque-

93 1954 211 2021 bantur
229 1956 261 2021 et
283 1953 422 2022 nominis
441 1953 493 2021 sui
515 1953 624 2046 gratia
644 1954 725 2022 ritus
743 1974 873 2022 annuos
896 1956 929 2021 et
947 1953 1033 2021 festa
1053 1950 1204 2021 celebra-

95 2057 182 2125 bant.
231 2056 342 2125 Simile
371 2055 524 2148 quiddam
550 2057 583 2124 in
605 2055 715 2126 Sicilia
732 2055 820 2125 'lecit
842 2056 995 2139 Aeneam
1023 2077 1096 2124 oum
1119 2077 1204 2124 con·
1221 2075 1267 2136 qq

95 2160 180 2226 ditae
217 2159 289 2227 urbi
322 2159 466 2228 Acestae
503 2159 643 2250 hospitis
678 2183 799 2229 nomen
838 2159 1012 2249 imposuit,
1059 2162 1095 2226 ut
1131 2179 1203 2226 eam

95 2263 304 2351 postmodum
331 2261 437 2330 laetus
456 2284 495 2330 ac
516 2261 621 2331 libens
646 2264 786 2332 Acestes
809 2262 961 2355 diligeret
984 2266 1123 2353 augeret
1145 2283 1205 2329 or-

95 2368 197 2433 naret.
240 2366 312 2433 Hoc
336 2365 433 2434 modo
453 2364 646 2456 religionem
670 2366 778 2435 cultus
807 2366 858 2434 sui
881 2388 940 2455 per
965 2365 1078 2433 orbern
1098 2367 1205 2432 terrae

95 2468 239 2558 luppiter
254 2468 427 2537 seminauit
445 2471 477 2536 et
496 2470 684 2561 exemplum
702 2470 819 2538 ceteris
838 2469 878 2537 ad
898 2468 1086 2537 imitandum
1106 2466 1204 2536 dedit.

619 2618 680 2688 Xll

198 2745 323 2815 Deinde
345 2745 490 2838 luppiter
510 2754 688 2843 postquam
713 2749 910 2844 quinquiens
934 2754 1039 2820 terras
1058 2750 1206 2820 circuiuit
1224 2763 1264 2824 65

95 2851 312 2940 omnibusque
347 2852 460 2919 amicis
495 2856 594 2945 atque
631 2855 783 2945 cognatis
819 2853 889 2922 suis
924 2853 1061 2943 imperia
1096 2854 1207 2923 diuisit

96 2953 291 3042 reliquitque
325 2951 510 3023 hominibus
549 2956 644 3047 leges
674 2979 784 3025 mores
817 2958 1045 3047 frumentaque
1076 2956 1206 3046 parauit

95 3055 263 3145 multaque
298 3052 363 3122 alia
402 3055 488 3125 bona
525 3058 601 3126 tecit
633 3058 805 3129 immortali
842 3058 951 3149 gloria
985 3059 1206 3150 memoriaque

97 3285 161 3332 quoe
176 3268 250 3318 dicit:
270 3283 305 3318 ea
326 3271 541 3335 tempestate'
570 3287 592 3320 e.
607 3285 669 3334 qs.
742 3271 778 3320 XI
801 3250 1096 3543 Lactantiuffllffz.
1113 3273 1158 3324 lc.
1173 3273 1206 3322 22

96 3334 216 3389 ‘historia
234 3353 296 3388 uero
317 3353 391 3388 saera
407 3347 514 3389 testatur
531 3341 616 3404 ipsum
633 3341 734 3400 louem,
749 3349 884 3406 postquam
898 3334 993 3401 reru&-
1017 3346 1020 3351 '
1098 3349 1160 3400 est,
1180 3343 1206 3392 in

96 3417 189 3459 tantam
207 3409 369 3477 insolentiam
389 3410 506 3469 uenisse,
530 3417 558 3458 ut
576 3411 633 3476 ipse
652 3409 703 3459 sibi
723 3409 782 3460 lana
801 3410 888 3460 multis
907 3404 1017 3475 iul&
1044 3468 1047 3473 ¹
1095 3411 1205 3462 titueret.

96 3480 169 3529 Nam
183 3480 263 3528 cum'
281 3495 302 3529 e.
321 3494 382 3541 qs.
404 3480 475 3529 ‘siue
493 3480 571 3546 igitur
584 3495 599 3529 a
612 3479 746 3539 Melissea,
766 3482 831 3530 sieut
845 3478 976 3545 Didymus*
1044 3538 1047 3543 ¹
1080 3489 1104 3540 t,
1122 3481 1207 3531 colen-

96 3551 186 3598 dorum
208 3549 312 3598 deorum
331 3550 395 3598 ritus
413 3549 527 3609 effluxit,
547 3551 602 3599 siue
616 3551 647 3599 ub
662 3551 719 3615 ipso
734 3565 835 3614 quoque
848 3552 921 3610 Ioue,
942 3558 969 3599 ut
981 3546 1154 3611 Euhemerus,
1175 3551 1207 3601 de
1315 3552 1357 3625 ᾖ·
1396 3584 1402 3595 ·

95 3627 210 3684 tempore
223 3627 306 3668 tamen
326 3621 437 3668 constat’
460 3636 483 3669 e.
500 3637 524 3683 q.
540 3635 561 3669 s.
591 3619 630 3670 Of.
645 3620 762 3686 Epitome
776 3637 799 3670 c.
813 3623 847 3671 24
916 3620 964 3670 Xll
982 3621 1129 3670 Lactantius
1145 3622 1204 3670 Diu.
1329 3664 1337 3673 .

96 3690 156 3737 lnst.
176 3690 186 3737 Ι
202 3704 223 3740 c.
238 3689 267 3737 ll
290 3688 401 3738 ‘Ennius
421 3690 446 3738 in
463 3705 536 3739 sacra
551 3690 659 3741 historia
678 3691 814 3755 descriptis
835 3690 952 3740 omnibus
970 3692 1073 3754 quaein
1089 3693 1142 3740 uita
1160 3706 1207 3741 sua
1218 3730 1237 3759 0.
1288 3742 1291 3747 ,
1348 3674 1376 3753 q

97 3759 189 3822 gessit'
208 3755 350 3823 (luppiter)
369 3759 417 3808 ‘od
436 3760 554 3809 ultimum
572 3763 610 3810 sic
630 3761 678 3810 ait:
699 3760 827 3810 deinde’
850 3777 872 3810 e.
892 3777 916 3823 q.
936 3777 958 3810 s.
993 3761 1205 3811 ‘Hoocertenon
1230 3764 1236 3773 ’
1267 3744 1354 3821 ''st

97 3831 188 3892 poetae
208 3827 323 3887 tradunt,
348 3828 395 3878 sed
414 3830 575 3893 antiquarum
594 3845 679 3880 rerum
699 3831 855 3896 scriptores!
894 3829 933 3881 (tl.
955 3831 1073 3897 Epitome
1094 3847 1116 3880 o.
1138 3830 1171 3881 13
1261 3848 1266 3853 ·
1292 3760 1376 3993 ἡ

1201 3912 1239 3973 οξ

141 4081 175 4133 52
195 4072 329 4127 Ataburio
350 4072 415 4142 aliq.
437 4071 508 4127 libri.
526 4072 662 4146 atabyrio
680 4075 770 4147 culpo.
792 4075 918 4130 Atauirio
942 4075 991 4129 alii
1009 4075 1073 4129 libri
1155 4075 1205 4127 La·
1228 4068 1249 4101 ⁸
1285 4098 1290 4109 ·

97 4161 216 4215 brandio
228 4156 411 4212 mumolum·
421 4155 490 4211 libri.
505 4158 644 4214 Labradio
654 4176 727 4215 unus
738 4160 807 4231 Req.
822 4159 979 4215 Labiandro
990 4160 1036 4214 uel
1048 4158 1204 4214 Labriando

97 4246 143 4299 uel
163 4241 334 4299 Labriandro
354 4241 402 4294 alii
420 4240 484 4295 libri
566 4242 608 4300 54'
623 4242 706 4300 Casio
730 4245 784 4300 duo
797 4245 970 4300 uetusthmmi
982 4243 1052 4315 aeq.
1068 4258 1130 4297 cum
1145 4243 1207 4297 aliis

97 4327 184 4385 libris.
201 4327 300 4384 Cassio
318 4326 382 4397 aliq.
399 4325 464 4380 libri
478 4341 536 4384 rec.
549 4333 577 4383 ct
590 4330 691 4385 multae
708 4329 771 4387 edd.

96 3975 305 3991 u—--·-'¹'¹
