<?xml version="1.0" encoding="UTF-8"?>
<!DOCTYPE html PUBLIC "-//W3C//DTD XHTML 1.0 Transitional//EN"
    "http://www.w3.org/TR/xhtml1/DTD/xhtml1-transitional.dtd">
<html xmlns="http://www.w3.org/1999/xhtml" xml:lang="en" lang="en">
 <head>
  <title>
</title>
<meta http-equiv="Content-Type" content="text/html;charset=utf-8" />
  <meta name='ocr-system' content='tesseract 3.04.00' />
  <meta name='ocr-capabilities' content='ocr_page ocr_carea ocr_par ocr_line ocrx_word'/>
</head>
<body>
  <div class='ocr_page' id='page_1' title='image "./ennicanpoesisre00ennigoog_0106.png"; bbox 0 0 2834 4988; ppageno 0'>
   <div class='ocr_carea' id='block_1_1' title="bbox 549 1119 756 1205">
    <p class='ocr_par' dir='ltr' id='par_1_1' title="bbox 549 1119 756 1205">
     <span class='ocr_line' id='line_1_1' title="bbox 549 1119 756 1205; baseline -0.024 0"><span class='ocrx_word' id='word_1_1' title='bbox 549 1121 710 1205; x_wconf 72' lang='lat' dir='ltr'>Libuit</span> <span class='ocrx_word' id='word_1_2' title='bbox 741 1119 756 1200; x_wconf 96' lang='grc' dir='ltr'>Ι</span> 
     </span>
    </p>
   </div>
   <div class='ocr_carea' id='block_1_2' title="bbox 196 1325 1205 1541">
    <p class='ocr_par' dir='ltr' id='par_1_2' title="bbox 196 1325 1205 1541">
     <span class='ocr_line' id='line_1_2' title="bbox 630 1325 674 1397; baseline 0 -34"><span class='ocrx_word' id='word_1_3' title='bbox 630 1326 644 1397; x_wconf 73' lang='lat'>¹</span> <span class='ocrx_word' id='word_1_4' title='bbox 657 1325 674 1363; x_wconf 78' lang='lat'>*</span> 
     </span>
     <span class='ocr_line' id='line_1_3' title="bbox 196 1445 1205 1541; baseline 0 -25"><span class='ocrx_word' id='word_1_5' title='bbox 196 1446 307 1517; x_wconf 88' lang='lat' dir='ltr'>Varro</span> <span class='ocrx_word' id='word_1_6' title='bbox 331 1447 373 1518; x_wconf 89' lang='lat' dir='ltr'>de</span> <span class='ocrx_word' id='word_1_7' title='bbox 396 1470 432 1518; x_wconf 89' lang='lat' dir='ltr'>re</span> <span class='ocrx_word' id='word_1_8' title='bbox 456 1447 579 1519; x_wconf 86' lang='lat' dir='ltr'>rustica</span> <span class='ocrx_word' id='word_1_9' title='bbox 604 1445 617 1516; x_wconf 93' lang='lat' dir='ltr'>l</span> <span class='ocrx_word' id='word_1_10' title='bbox 641 1457 668 1532; x_wconf 91' lang='lat'>1,</span> <span class='ocrx_word' id='word_1_11' title='bbox 688 1457 708 1517; x_wconf 86' lang='grc'><strong>4</strong></span> <span class='ocrx_word' id='word_1_12' title='bbox 730 1450 781 1516; x_wconf 89' lang='lat' dir='ltr'>‘el</span> <span class='ocrx_word' id='word_1_13' title='bbox 804 1447 959 1541; x_wconf 85' lang='lat' dir='ltr'>quoniam</span> <span class='ocrx_word' id='word_1_14' title='bbox 983 1450 1018 1516; x_wconf 90' lang='lat' dir='ltr'>ul</span> <span class='ocrx_word' id='word_1_15' title='bbox 1042 1447 1133 1516; x_wconf 88' lang='lat' dir='ltr'>aiunt</span> <span class='ocrx_word' id='word_1_16' title='bbox 1153 1447 1205 1516; x_wconf 90' lang='lat' dir='ltr'>dei</span> 
     </span>
    </p>
   </div>
   <div class='ocr_carea' id='block_1_3' title="bbox 92 1550 1206 1730">
    <p class='ocr_par' dir='ltr' id='par_1_3' title="bbox 92 1550 1206 1730">
     <span class='ocr_line' id='line_1_4' title="bbox 92 1550 1206 1644; baseline 0.002 -26"><span class='ocrx_word' id='word_1_17' title='bbox 92 1550 252 1620; x_wconf 74' lang='lat' dir='ltr'><strong>facientes</strong></span> <span class='ocrx_word' id='word_1_18' title='bbox 271 1551 445 1638; x_wconf 87' lang='lat' dir='ltr'>adiuuant,</span> <span class='ocrx_word' id='word_1_19' title='bbox 468 1552 562 1644; x_wconf 92' lang='lat' dir='ltr'>prius</span> <span class='ocrx_word' id='word_1_20' title='bbox 584 1550 747 1620; x_wconf 87' lang='lat' dir='ltr'>inuueabc</span> <span class='ocrx_word' id='word_1_21' title='bbox 767 1573 827 1622; x_wconf 89' lang='lat' dir='ltr'>eos</span> <span class='ocrx_word' id='word_1_22' title='bbox 850 1574 923 1621; x_wconf 87' lang='lat' dir='ltr'>nec</span> <span class='ocrx_word' id='word_1_23' title='bbox 947 1556 988 1620; x_wconf 90' lang='lat' dir='ltr'>ul</span> <span class='ocrx_word' id='word_1_24' title='bbox 1005 1550 1206 1620; x_wconf 86' lang='lat' dir='ltr'>Homerus</span> 
     </span>
     <span class='ocr_line' id='line_1_5' title="bbox 92 1654 954 1730; baseline 0.002 -8"><span class='ocrx_word' id='word_1_25' title='bbox 92 1657 132 1723; x_wconf 88' lang='lat' dir='ltr'>et</span> <span class='ocrx_word' id='word_1_26' title='bbox 154 1654 315 1725; x_wconf 85' lang='lat' dir='ltr'>Ennius</span> <span class='ocrx_word' id='word_1_27' title='bbox 337 1655 478 1726; x_wconf 86' lang='lat' dir='ltr'>Musas</span> <span class='ocrx_word' id='word_1_28' title='bbox 498 1654 640 1730; x_wconf 76' lang='lat' dir='ltr'>seXml</span> <span class='ocrx_word' id='word_1_29' title='bbox 659 1655 742 1725; x_wconf 90' lang='lat' dir='ltr'>deos</span> <span class='ocrx_word' id='word_1_30' title='bbox 765 1655 954 1726; x_wconf 85' lang='lat' dir='ltr'>consentis&#39;</span> 
     </span>
    </p>
   </div>
   <div class='ocr_carea' id='block_1_4' title="bbox 91 1791 1096 2279">
    <p class='ocr_par' dir='ltr' id='par_1_4' title="bbox 91 1791 1096 2279">
     <span class='ocr_line' id='line_1_6' title="bbox 620 1791 678 1862; baseline 0 0"><span class='ocrx_word' id='word_1_31' title='bbox 620 1791 678 1862; x_wconf 90' lang='lat' dir='ltr'>ll*</span> 
     </span>
     <span class='ocr_line' id='line_1_7' title="bbox 197 1906 1096 2004; baseline -0.003 -25"><span class='ocrx_word' id='word_1_32' title='bbox 197 1908 314 1980; x_wconf 81' lang='lat' dir='ltr'>Musae</span> <span class='ocrx_word' id='word_1_33' title='bbox 333 1931 419 2004; x_wconf 90' lang='lat' dir='ltr'>quae</span> <span class='ocrx_word' id='word_1_34' title='bbox 436 1909 577 2002; x_wconf 89' lang='lat' dir='ltr'>pedibus</span> <span class='ocrx_word' id='word_1_35' title='bbox 595 1933 754 2004; x_wconf 78' lang='lat' dir='ltr'>magnum</span> <span class='ocrx_word' id='word_1_36' title='bbox 771 1910 911 2004; x_wconf 85' lang='lat' dir='ltr'>pulsatis</span> <span class='ocrx_word' id='word_1_37' title='bbox 929 1906 1096 1999; x_wconf 87' lang='lat' dir='ltr'>Olimpum</span> 
     </span>
     <span class='ocr_line' id='line_1_8' title="bbox 602 2046 698 2117; baseline 0 -34"><span class='ocrx_word' id='word_1_38' title='bbox 602 2046 644 2117; x_wconf 77' lang='grc' dir='ltr'>ΠΙ</span> <span class='ocrx_word' id='word_1_39' title='bbox 657 2046 698 2083; x_wconf 54' lang='lat' dir='ltr'>*t</span> 
     </span>
     <span class='ocr_line' id='line_1_9' title="bbox 91 2164 1079 2279; baseline 0.001 -45"><span class='ocrx_word' id='word_1_40' title='bbox 91 2240 117 2279; x_wconf 36' lang='grc' dir='ltr'>Ι,</span> <span class='ocrx_word' id='word_1_41' title='bbox 197 2164 311 2235; x_wconf 82' lang='lat' dir='ltr'>Musas</span> <span class='ocrx_word' id='word_1_42' title='bbox 329 2186 413 2260; x_wconf 90' lang='lat' dir='ltr'>quas</span> <span class='ocrx_word' id='word_1_43' title='bbox 433 2164 512 2257; x_wconf 87' lang='lat' dir='ltr'>Graj</span> <span class='ocrx_word' id='word_1_44' title='bbox 534 2173 733 2254; x_wconf 85' lang='lat' dir='ltr'>memorant,</span> <span class='ocrx_word' id='word_1_45' title='bbox 760 2189 823 2237; x_wconf 90' lang='lat' dir='ltr'>nos</span> <span class='ocrx_word' id='word_1_46' title='bbox 843 2165 1079 2238; x_wconf 85' lang='lat' dir='ltr'>Casmenarum</span> 
     </span>
    </p>
   </div>
   <div class='ocr_carea' id='block_1_5' title="bbox 197 2305 1043 2519">
    <p class='ocr_par' dir='ltr' id='par_1_5' title="bbox 197 2305 1043 2519">
     <span class='ocr_line' id='line_1_10' title="bbox 629 2305 678 2376; baseline -0.041 0"><span class='ocrx_word' id='word_1_47' title='bbox 629 2305 678 2376; x_wconf 92' lang='lat' dir='ltr'>lV</span> 
     </span>
     <span class='ocr_line' id='line_1_11' title="bbox 197 2421 1043 2519; baseline 0.001 -28"><span class='ocrx_word' id='word_1_48' title='bbox 197 2421 300 2492; x_wconf 86' lang='lat' dir='ltr'>Latus</span> <span class='ocrx_word' id='word_1_49' title='bbox 317 2444 378 2513; x_wconf 90' lang='lat' dir='ltr'>pcr</span> <span class='ocrx_word' id='word_1_50' title='bbox 394 2424 539 2514; x_wconf 88' lang='lat' dir='ltr'>populus</span> <span class='ocrx_word' id='word_1_51' title='bbox 558 2429 731 2519; x_wconf 85' lang='lat' dir='ltr'>terrasque</span> <span class='ocrx_word' id='word_1_52' title='bbox 753 2429 908 2519; x_wconf 69' lang='lat' dir='ltr'>poemata</span> <span class='ocrx_word' id='word_1_53' title='bbox 928 2427 1043 2494; x_wconf 86' lang='lat' dir='ltr'>nostra</span> 
     </span>
    </p>
   </div>
   <div class='ocr_carea' id='block_1_6' title="bbox 198 2523 478 2597">
    <p class='ocr_par' dir='ltr' id='par_1_6' title="bbox 198 2523 478 2597">
     <span class='ocr_line' id='line_1_12' title="bbox 198 2523 478 2597; baseline 0.004 -1"><span class='ocrx_word' id='word_1_54' title='bbox 198 2523 295 2596; x_wconf 80' lang='lat' dir='ltr'>Clara</span> <span class='ocrx_word' id='word_1_55' title='bbox 314 2525 478 2597; x_wconf 88' lang='lat' dir='ltr'>cluebuul.</span> 
     </span>
    </p>
   </div>
   <div class='ocr_carea' id='block_1_7' title="bbox 94 2722 1216 3424">
    <p class='ocr_par' dir='ltr' id='par_1_7' title="bbox 94 2722 1216 3353">
     <span class='ocr_line' id='line_1_13' title="bbox 129 2722 1207 2796; baseline -0.002 -22"><span class='ocrx_word' id='word_1_56' title='bbox 129 2724 246 2775; x_wconf 73' lang='lat' dir='ltr'>imai</span> <span class='ocrx_word' id='word_1_57' title='bbox 282 2725 305 2776; x_wconf 94' lang='lat'>11</span> <span class='ocrx_word' id='word_1_58' title='bbox 327 2727 409 2776; x_wconf 79' lang='lat' dir='ltr'>Varro</span> <span class='ocrx_word' id='word_1_59' title='bbox 429 2727 462 2777; x_wconf 88' lang='lat' dir='ltr'>de</span> <span class='ocrx_word' id='word_1_60' title='bbox 481 2727 510 2777; x_wconf 88' lang='lat' dir='ltr'>L.</span> <span class='ocrx_word' id='word_1_61' title='bbox 532 2727 561 2778; x_wconf 86' lang='lat' dir='ltr'>L.</span> <span class='ocrx_word' id='word_1_62' title='bbox 580 2731 629 2779; x_wconf 94' lang='lat' dir='ltr'>Vll</span> <span class='ocrx_word' id='word_1_63' title='bbox 651 2729 685 2780; x_wconf 76' lang='lat'>20</span> <span class='ocrx_word' id='word_1_64' title='bbox 708 2731 741 2779; x_wconf 93' lang='lat' dir='ltr'>M.</span> <span class='ocrx_word' id='word_1_65' title='bbox 772 2732 867 2780; x_wconf 77' lang='lat' dir='ltr'>‘Enuiz</span> <span class='ocrx_word' id='word_1_66' title='bbox 896 2728 1068 2796; x_wconf 78' lang='lat' dir='ltr'>Areopagitae</span> <span class='ocrx_word' id='word_1_67' title='bbox 1090 2722 1207 2789; x_wconf 84' lang='lat' dir='ltr'>quidam&#39;</span> 
     </span>
     <span class='ocr_line' id='line_1_14' title="bbox 94 2793 1209 2866; baseline -0.015 -8"><span class='ocrx_word' id='word_1_68' title='bbox 94 2809 117 2843; x_wconf 68' lang='grc' dir='ltr'>θ·</span> <span class='ocrx_word' id='word_1_69' title='bbox 129 2810 155 2857; x_wconf 86' lang='grc'>(1·</span> <span class='ocrx_word' id='word_1_70' title='bbox 170 2809 192 2843; x_wconf 80' lang='lat'>⁸·</span> <span class='ocrx_word' id='word_1_71' title='bbox 214 2795 328 2845; x_wconf 66' lang='lat' dir='ltr'>‘Mum’</span> <span class='ocrx_word' id='word_1_72' title='bbox 344 2813 367 2846; x_wconf 81' lang='lat' dir='ltr'>e.</span> <span class='ocrx_word' id='word_1_73' title='bbox 384 2813 408 2860; x_wconf 85' lang='lat' dir='ltr'>q.</span> <span class='ocrx_word' id='word_1_74' title='bbox 426 2813 447 2846; x_wconf 85' lang='lat' dir='ltr'>s.</span> <span class='ocrx_word' id='word_1_75' title='bbox 469 2798 583 2849; x_wconf 85' lang='lat' dir='ltr'>‘caelum</span> <span class='ocrx_word' id='word_1_76' title='bbox 597 2800 684 2848; x_wconf 85' lang='lat' dir='ltr'>dieunt</span> <span class='ocrx_word' id='word_1_77' title='bbox 698 2800 789 2849; x_wconf 84' lang='lat' dir='ltr'>Gracci</span> <span class='ocrx_word' id='word_1_78' title='bbox 803 2800 956 2866; x_wconf 79' lang='lat' dir='ltr'>Olympum,</span> <span class='ocrx_word' id='word_1_79' title='bbox 980 2804 1093 2847; x_wconf 86' lang='lat' dir='ltr'>montem</span> <span class='ocrx_word' id='word_1_80' title='bbox 1112 2796 1139 2844; x_wconf 90' lang='lat' dir='ltr'>in</span> <span class='ocrx_word' id='word_1_81' title='bbox 1155 2793 1209 2842; x_wconf 89' lang='lat' dir='ltr'>Ma-</span> 
     </span>
     <span class='ocr_line' id='line_1_15' title="bbox 94 2864 1207 2934; baseline -0.002 -21"><span class='ocrx_word' id='word_1_82' title='bbox 94 2864 202 2914; x_wconf 78' lang='lat' dir='ltr'>cedonia</span> <span class='ocrx_word' id='word_1_83' title='bbox 215 2866 316 2915; x_wconf 82' lang='lat' dir='ltr'>umuea&#39;</span> <span class='ocrx_word' id='word_1_84' title='bbox 336 2882 359 2916; x_wconf 86' lang='lat' dir='ltr'>e.</span> <span class='ocrx_word' id='word_1_85' title='bbox 376 2881 401 2929; x_wconf 87' lang='lat' dir='ltr'>q.</span> <span class='ocrx_word' id='word_1_86' title='bbox 418 2882 440 2916; x_wconf 85' lang='grc' dir='ltr'>ι.</span> <span class='ocrx_word' id='word_1_87' title='bbox 466 2866 590 2933; x_wconf 88' lang='lat' dir='ltr'>(hermi</span> <span class='ocrx_word' id='word_1_88' title='bbox 608 2870 665 2918; x_wconf 83' lang='lat' dir='ltr'>Par.</span> <span class='ocrx_word' id='word_1_89' title='bbox 686 2870 711 2918; x_wconf 92' lang='lat' dir='ltr'>b.</span> <span class='ocrx_word' id='word_1_90' title='bbox 736 2871 832 2920; x_wconf 84' lang='lat' dir='ltr'>Ennii</span> <span class='ocrx_word' id='word_1_91' title='bbox 853 2866 944 2934; x_wconf 76' lang='lat' dir='ltr'>reteri)</span> <span class='ocrx_word' id='word_1_92' title='bbox 966 2867 1073 2917; x_wconf 80' lang='lat' dir='ltr'>Seruius</span> <span class='ocrx_word' id='word_1_93' title='bbox 1094 2865 1120 2913; x_wconf 89' lang='lat' dir='ltr'>in</span> <span class='ocrx_word' id='word_1_94' title='bbox 1142 2864 1207 2913; x_wconf 80' lang='lat' dir='ltr'>Aen.</span> 
     </span>
     <span class='ocr_line' id='line_1_16' title="bbox 95 2931 1206 3003; baseline -0.006 -16"><span class='ocrx_word' id='word_1_95' title='bbox 95 2933 130 2982; x_wconf 83' lang='lat' dir='ltr'>XI</span> <span class='ocrx_word' id='word_1_96' title='bbox 146 2933 200 2985; x_wconf 79' lang='grc'>660</span> <span class='ocrx_word' id='word_1_97' title='bbox 221 2935 384 3000; x_wconf 73' lang='lat' dir='ltr'>‘pulsauit</span> <span class='ocrx_word' id='word_1_98' title='bbox 404 2937 501 2986; x_wconf 83' lang='lat' dir='ltr'>Ennius</span> <span class='ocrx_word' id='word_1_99' title='bbox 520 2937 554 2986; x_wconf 88' lang='lat' dir='ltr'>ad</span> <span class='ocrx_word' id='word_1_100' title='bbox 572 2939 672 2988; x_wconf 81' lang='lat' dir='ltr'>Muaua:</span> <span class='ocrx_word' id='word_1_101' title='bbox 694 2942 772 3002; x_wconf 84' lang='lat' dir='ltr'>quae&#39;</span> <span class='ocrx_word' id='word_1_102' title='bbox 792 2957 814 2990; x_wconf 86' lang='lat' dir='ltr'>e.</span> <span class='ocrx_word' id='word_1_103' title='bbox 830 2957 855 3003; x_wconf 88' lang='lat' dir='ltr'>q.</span> <span class='ocrx_word' id='word_1_104' title='bbox 870 2955 891 2988; x_wconf 86' lang='lat' dir='ltr'>a.</span> <span class='ocrx_word' id='word_1_105' title='bbox 964 2939 1000 2987; x_wconf 92' lang='lat' dir='ltr'>ill</span> <span class='ocrx_word' id='word_1_106' title='bbox 1024 2937 1106 2984; x_wconf 73' lang='lat' dir='ltr'>i&#39;arrc</span> <span class='ocrx_word' id='word_1_107' title='bbox 1127 2933 1160 2982; x_wconf 87' lang='lat' dir='ltr'>de</span> <span class='ocrx_word' id='word_1_108' title='bbox 1176 2931 1206 2981; x_wconf 84' lang='lat' dir='ltr'>L.</span> 
     </span>
     <span class='ocr_line' id='line_1_17' title="bbox 94 3000 1208 3074; baseline -0.004 -21"><span class='ocrx_word' id='word_1_109' title='bbox 94 3002 124 3052; x_wconf 87' lang='lat' dir='ltr'>L.</span> <span class='ocrx_word' id='word_1_110' title='bbox 144 3005 193 3054; x_wconf 86' lang='lat' dir='ltr'>vii</span> <span class='ocrx_word' id='word_1_111' title='bbox 212 3005 247 3054; x_wconf 73' lang='lat' dir='ltr'>ab</span> <span class='ocrx_word' id='word_1_112' title='bbox 266 3005 300 3054; x_wconf 91' lang='lat' dir='ltr'>M.</span> <span class='ocrx_word' id='word_1_113' title='bbox 327 3009 439 3055; x_wconf 87' lang='lat' dir='ltr'>‘cornua</span> <span class='ocrx_word' id='word_1_114' title='bbox 461 3022 477 3056; x_wconf 87' lang='lat' dir='ltr'>a</span> <span class='ocrx_word' id='word_1_115' title='bbox 498 3023 606 3058; x_wconf 84' lang='lat' dir='ltr'>curuare</span> <span class='ocrx_word' id='word_1_116' title='bbox 629 3008 713 3065; x_wconf 85' lang='lat' dir='ltr'>dicta,</span> <span class='ocrx_word' id='word_1_117' title='bbox 746 3010 816 3072; x_wconf 83' lang='lat' dir='ltr'>quod</span> <span class='ocrx_word' id='word_1_118' title='bbox 836 3009 958 3074; x_wconf 82' lang='lat' dir='ltr'>pleraque</span> <span class='ocrx_word' id='word_1_119' title='bbox 978 3019 1065 3054; x_wconf 81' lang='lat' dir='ltr'>curua.</span> <span class='ocrx_word' id='word_1_120' title='bbox 1108 3000 1208 3050; x_wconf 77' lang='lat' dir='ltr'>Muaaa&#39;</span> 
     </span>
     <span class='ocr_line' id='line_1_18' title="bbox 95 3070 1207 3141; baseline -0.009 -13"><span class='ocrx_word' id='word_1_121' title='bbox 95 3089 118 3122; x_wconf 75' lang='lat' dir='ltr'>e·</span> <span class='ocrx_word' id='word_1_122' title='bbox 135 3089 160 3138; x_wconf 82' lang='lat' dir='ltr'>q·</span> <span class='ocrx_word' id='word_1_123' title='bbox 177 3088 200 3122; x_wconf 71' lang='grc' dir='ltr'>ε.</span> <span class='ocrx_word' id='word_1_124' title='bbox 225 3072 470 3126; x_wconf 78' lang='lat' dir='ltr'>‘Casmenarum</span> <span class='ocrx_word' id='word_1_125' title='bbox 492 3079 605 3141; x_wconf 81' lang='lat' dir='ltr'>priscum</span> <span class='ocrx_word' id='word_1_126' title='bbox 627 3079 780 3127; x_wconf 78' lang='lat' dir='ltr'>uocabulum</span> <span class='ocrx_word' id='word_1_127' title='bbox 799 3080 835 3127; x_wconf 83' lang='lat' dir='ltr'>ita</span> <span class='ocrx_word' id='word_1_128' title='bbox 853 3085 938 3126; x_wconf 86' lang='lat' dir='ltr'>uatum</span> <span class='ocrx_word' id='word_1_129' title='bbox 963 3091 993 3124; x_wconf 89' lang='lat' dir='ltr'>ac</span> <span class='ocrx_word' id='word_1_130' title='bbox 1015 3074 1137 3136; x_wconf 87' lang='lat' dir='ltr'>scriptum</span> <span class='ocrx_word' id='word_1_131' title='bbox 1155 3070 1207 3119; x_wconf 74' lang='lat' dir='ltr'>eat·</span> 
     </span>
     <span class='ocr_line' id='line_1_19' title="bbox 95 3142 1208 3211; baseline -0.019 -4"><span class='ocrx_word' id='word_1_132' title='bbox 95 3158 190 3206; x_wconf 60' lang='lat' dir='ltr'>‘Mi-⁸·</span> <span class='ocrx_word' id='word_1_133' title='bbox 207 3142 428 3211; x_wconf 81' lang='lat' dir='ltr'>(camenarum</span> <span class='ocrx_word' id='word_1_134' title='bbox 442 3146 508 3195; x_wconf 80' lang='lat' dir='ltr'>Flcr.</span> <span class='ocrx_word' id='word_1_135' title='bbox 525 3162 725 3197; x_wconf 83' lang='lat' dir='ltr'>camerarum</span> <span class='ocrx_word' id='word_1_136' title='bbox 741 3148 880 3197; x_wconf 85' lang='lat' dir='ltr'>Goth.Par.</span> <span class='ocrx_word' id='word_1_137' title='bbox 892 3162 915 3206; x_wconf 86' lang='lat' dir='ltr'>a,</span> <span class='ocrx_word' id='word_1_138' title='bbox 930 3145 1072 3195; x_wconf 85' lang='lat' dir='ltr'>cmilaun.</span> <span class='ocrx_word' id='word_1_139' title='bbox 1088 3154 1208 3189; x_wconf 70' lang='lat' dir='ltr'>cama-</span> 
     </span>
     <span class='ocr_line' id='line_1_20' title="bbox 94 3208 1216 3283; baseline -0.004 -22"><span class='ocrx_word' id='word_1_140' title='bbox 94 3226 207 3266; x_wconf 80' lang='lat' dir='ltr'>uarum</span> <span class='ocrx_word' id='word_1_141' title='bbox 226 3213 283 3265; x_wconf 83' lang='lat' dir='ltr'>Par.</span> <span class='ocrx_word' id='word_1_142' title='bbox 301 3212 334 3279; x_wconf 85' lang='lat' dir='ltr'>b)</span> <span class='ocrx_word' id='word_1_143' title='bbox 358 3215 439 3264; x_wconf 79' lang='lat' dir='ltr'>Ennio</span> <span class='ocrx_word' id='word_1_144' title='bbox 456 3215 572 3283; x_wconf 80' lang='lat' dir='ltr'>Scaliger</span> <span class='ocrx_word' id='word_1_145' title='bbox 590 3217 694 3266; x_wconf 82' lang='lat' dir='ltr'>tribuit:</span> <span class='ocrx_word' id='word_1_146' title='bbox 725 3232 781 3266; x_wconf 91' lang='lat' dir='ltr'>cum</span> <span class='ocrx_word' id='word_1_147' title='bbox 802 3218 934 3282; x_wconf 84' lang='lat' dir='ltr'>sirperiure</span> <span class='ocrx_word' id='word_1_148' title='bbox 959 3213 1090 3263; x_wconf 83' lang='lat' dir='ltr'>coniunxit</span> <span class='ocrx_word' id='word_1_149' title='bbox 1111 3208 1216 3258; x_wconf 78' lang='lat' dir='ltr'>Merula·</span> 
     </span>
     <span class='ocr_line' id='line_1_21' title="bbox 164 3278 1207 3353; baseline -0.009 -19"><span class='ocrx_word' id='word_1_150' title='bbox 164 3283 201 3334; x_wconf 85' lang='lat' dir='ltr'>iv</span> <span class='ocrx_word' id='word_1_151' title='bbox 218 3283 316 3334; x_wconf 77' lang='lat' dir='ltr'>Ptebua</span> <span class='ocrx_word' id='word_1_152' title='bbox 329 3299 355 3350; x_wconf 89' lang='lat' dir='ltr'>p.</span> <span class='ocrx_word' id='word_1_153' title='bbox 372 3286 436 3336; x_wconf 77' lang='grc'><strong>1401</strong></span> <span class='ocrx_word' id='word_1_154' title='bbox 449 3285 476 3335; x_wconf 90' lang='lat' dir='ltr'>P.</span> <span class='ocrx_word' id='word_1_155' title='bbox 493 3287 541 3352; x_wconf 73' lang='lat' dir='ltr'>(bt</span> <span class='ocrx_word' id='word_1_156' title='bbox 555 3285 647 3351; x_wconf 50' lang='lat' dir='ltr'>iliud.)</span> <span class='ocrx_word' id='word_1_157' title='bbox 664 3291 766 3336; x_wconf 85' lang='lat' dir='ltr'>‘nerrtro</span> <span class='ocrx_word' id='word_1_158' title='bbox 779 3301 872 3353; x_wconf 83' lang='lat' dir='ltr'>genere</span> <span class='ocrx_word' id='word_1_159' title='bbox 885 3288 911 3335; x_wconf 90' lang='lat' dir='ltr'>iu</span> <span class='ocrx_word' id='word_1_160' title='bbox 924 3284 1026 3334; x_wconf 82' lang='lat' dir='ltr'>casibus</span> <span class='ocrx_word' id='word_1_161' title='bbox 1039 3278 1207 3346; x_wconf 79' lang='lat' dir='ltr'>supradictis·</span> 
     </span>
    </p>

    <p class='ocr_par' dir='ltr' id='par_1_8' title="bbox 95 3347 1208 3424">
     <span class='ocr_line' id='line_1_22' title="bbox 95 3347 1208 3424; baseline -0.006 -21"><span class='ocrx_word' id='word_1_162' title='bbox 95 3350 147 3420; x_wconf 86' lang='lat' dir='ltr'>(ac.</span> <span class='ocrx_word' id='word_1_163' title='bbox 162 3366 232 3404; x_wconf 79' lang='lat' dir='ltr'>uon.</span> <span class='ocrx_word' id='word_1_164' title='bbox 247 3362 272 3403; x_wconf 87' lang='lat' dir='ltr'>et</span> <span class='ocrx_word' id='word_1_165' title='bbox 286 3350 356 3419; x_wconf 88' lang='lat' dir='ltr'>acc.)</span> <span class='ocrx_word' id='word_1_166' title='bbox 375 3355 445 3406; x_wconf 83' lang='lat' dir='ltr'>‘alne</span> <span class='ocrx_word' id='word_1_167' title='bbox 460 3356 628 3424; x_wconf 81' lang='lat' dir='ltr'>ambiguitate</span> <span class='ocrx_word' id='word_1_168' title='bbox 642 3357 729 3407; x_wconf 87' lang='lat' dir='ltr'>breuia</span> <span class='ocrx_word' id='word_1_169' title='bbox 742 3358 794 3407; x_wconf 87' lang='lat' dir='ltr'>eat&#39;</span> <span class='ocrx_word' id='word_1_170' title='bbox 810 3356 861 3424; x_wconf 85' lang='lat' dir='ltr'>(sc.</span> <span class='ocrx_word' id='word_1_171' title='bbox 877 3370 893 3406; x_wconf 89' lang='lat' dir='ltr'>a</span> <span class='ocrx_word' id='word_1_172' title='bbox 909 3351 1005 3419; x_wconf 84' lang='lat' dir='ltr'>littera)</span> <span class='ocrx_word' id='word_1_173' title='bbox 1025 3349 1145 3402; x_wconf 82' lang='lat' dir='ltr'>‘Graecia</span> <span class='ocrx_word' id='word_1_174' title='bbox 1159 3347 1208 3398; x_wconf 80' lang='lat' dir='ltr'>La·</span> 
     </span>
    </p>
   </div>
   <div class='ocr_carea' id='block_1_8' title="bbox 95 3518 1210 4370">
    <p class='ocr_par' dir='ltr' id='par_1_9' title="bbox 95 3518 1209 3858">
     <span class='ocr_line' id='line_1_23' title="bbox 138 3518 1208 3614; baseline -0.01 -26"><span class='ocrx_word' id='word_1_175' title='bbox 138 3535 154 3588; x_wconf 97' lang='lat' dir='ltr'>l</span> <span class='ocrx_word' id='word_1_176' title='bbox 179 3545 260 3614; x_wconf 62' lang='lat' dir='ltr'>muse</span> <span class='ocrx_word' id='word_1_177' title='bbox 272 3529 353 3586; x_wconf 84' lang='lat' dir='ltr'>Flcr.</span> <span class='ocrx_word' id='word_1_178' title='bbox 441 3530 581 3603; x_wconf 84' lang='lat' dir='ltr'>Olimpum</span> <span class='ocrx_word' id='word_1_179' title='bbox 595 3531 676 3587; x_wconf 77' lang='lat' dir='ltr'>Flcr.</span> <span class='ocrx_word' id='word_1_180' title='bbox 693 3529 843 3603; x_wconf 72' lang='lat' dir='ltr'>Olympum</span> <span class='ocrx_word' id='word_1_181' title='bbox 863 3527 949 3584; x_wconf 75' lang='lat' dir='ltr'>celeri</span> <span class='ocrx_word' id='word_1_182' title='bbox 968 3523 1116 3589; x_wconf 70' lang='lat' dir='ltr'>Varronis,</span> <span class='ocrx_word' id='word_1_183' title='bbox 1140 3518 1208 3577; x_wconf 86' lang='lat' dir='ltr'>Ser-</span> 
     </span>
     <span class='ocr_line' id='line_1_24' title="bbox 95 3607 1209 3689; baseline -0.007 -19"><span class='ocrx_word' id='word_1_184' title='bbox 95 3616 158 3670; x_wconf 75' lang='lat' dir='ltr'>uius</span> <span class='ocrx_word' id='word_1_185' title='bbox 262 3620 280 3673; x_wconf 74' lang='grc'><strong>1</strong></span> <span class='ocrx_word' id='word_1_186' title='bbox 302 3631 400 3671; x_wconf 84' lang='lat' dir='ltr'>curua.</span> <span class='ocrx_word' id='word_1_187' title='bbox 419 3616 516 3672; x_wconf 85' lang='lat' dir='ltr'>Musas</span> <span class='ocrx_word' id='word_1_188' title='bbox 530 3632 600 3688; x_wconf 88' lang='lat' dir='ltr'>quas</span> <span class='ocrx_word' id='word_1_189' title='bbox 612 3615 746 3689; x_wconf 74' lang='lat' dir='ltr'>Sculiyer.</span> <span class='ocrx_word' id='word_1_190' title='bbox 762 3629 912 3670; x_wconf 88' lang='lat' dir='ltr'>curuamus</span> <span class='ocrx_word' id='word_1_191' title='bbox 928 3616 1084 3683; x_wconf 85' lang='lat' dir='ltr'>(curuanus</span> <span class='ocrx_word' id='word_1_192' title='bbox 1096 3607 1209 3676; x_wconf 76' lang='lat' dir='ltr'>Pam)</span> 
     </span>
     <span class='ocr_line' id='line_1_25' title="bbox 97 3693 1208 3773; baseline -0.005 -20"><span class='ocrx_word' id='word_1_193' title='bbox 97 3713 129 3754; x_wconf 88' lang='lat' dir='ltr'>ac</span> <span class='ocrx_word' id='word_1_194' title='bbox 151 3701 195 3769; x_wconf 84' lang='lat' dir='ltr'>(at</span> <span class='ocrx_word' id='word_1_195' title='bbox 208 3697 305 3755; x_wconf 73' lang='lat' dir='ltr'>Ham.</span> <span class='ocrx_word' id='word_1_196' title='bbox 325 3700 364 3756; x_wconf 89' lang='lat' dir='ltr'>ad</span> <span class='ocrx_word' id='word_1_197' title='bbox 378 3699 449 3756; x_wconf 85' lang='lat' dir='ltr'>Pur.</span> <span class='ocrx_word' id='word_1_198' title='bbox 465 3702 495 3770; x_wconf 84' lang='lat' dir='ltr'>b)</span> <span class='ocrx_word' id='word_1_199' title='bbox 517 3717 588 3773; x_wconf 89' lang='lat' dir='ltr'>quas</span> <span class='ocrx_word' id='word_1_200' title='bbox 609 3703 696 3773; x_wconf 90' lang='lat' dir='ltr'>(quae</span> <span class='ocrx_word' id='word_1_201' title='bbox 718 3699 789 3756; x_wconf 86' lang='lat' dir='ltr'>Pur.</span> <span class='ocrx_word' id='word_1_202' title='bbox 803 3717 821 3755; x_wconf 85' lang='lat' dir='ltr'>c</span> <span class='ocrx_word' id='word_1_203' title='bbox 836 3699 865 3766; x_wconf 78' lang='lat' dir='ltr'>b)</span> <span class='ocrx_word' id='word_1_204' title='bbox 888 3698 958 3753; x_wconf 78' lang='lat' dir='ltr'>libri</span> <span class='ocrx_word' id='word_1_205' title='bbox 983 3711 1081 3752; x_wconf 88' lang='lat' dir='ltr'>curua.</span> <span class='ocrx_word' id='word_1_206' title='bbox 1110 3693 1208 3748; x_wconf 85' lang='lat' dir='ltr'>Musae</span> 
     </span>
     <span class='ocr_line' id='line_1_26' title="bbox 96 3779 1148 3858; baseline -0.004 -18"><span class='ocrx_word' id='word_1_207' title='bbox 96 3799 166 3854; x_wconf 86' lang='lat' dir='ltr'>quas</span> <span class='ocrx_word' id='word_1_208' title='bbox 185 3783 348 3858; x_wconf 67' lang='lat' dir='ltr'>Spenqela&#39;ur</span> <span class='ocrx_word' id='word_1_209' title='bbox 431 3785 495 3858; x_wconf 87' lang='lat' dir='ltr'>Graj</span> <span class='ocrx_word' id='word_1_210' title='bbox 518 3803 572 3842; x_wconf 87' lang='lat' dir='ltr'>om.</span> <span class='ocrx_word' id='word_1_211' title='bbox 592 3785 665 3841; x_wconf 78' lang='lat' dir='ltr'>libn&#39;.</span> <span class='ocrx_word' id='word_1_212' title='bbox 685 3791 840 3840; x_wconf 85' lang='lat' dir='ltr'>memorant</span> <span class='ocrx_word' id='word_1_213' title='bbox 861 3783 926 3839; x_wconf 88' lang='lat' dir='ltr'>Grai</span> <span class='ocrx_word' id='word_1_214' title='bbox 949 3780 981 3839; x_wconf 89' lang='lat'>0.</span> <span class='ocrx_word' id='word_1_215' title='bbox 995 3779 1148 3837; x_wconf 77' lang='lat' dir='ltr'>Muellerus</span> 
     </span>
    </p>

    <p class='ocr_par' dir='ltr' id='par_1_10' title="bbox 96 3865 1210 4370">
     <span class='ocr_line' id='line_1_27' title="bbox 137 3865 1209 3940; baseline -0.007 -15"><span class='ocrx_word' id='word_1_216' title='bbox 137 3875 275 3925; x_wconf 86' lang='lat' dir='ltr'>memorat</span> <span class='ocrx_word' id='word_1_217' title='bbox 288 3868 385 3927; x_wconf 77' lang='lat' dir='ltr'>Hauc.</span> <span class='ocrx_word' id='word_1_218' title='bbox 471 3888 524 3928; x_wconf 88' lang='lat' dir='ltr'>nos</span> <span class='ocrx_word' id='word_1_219' title='bbox 546 3870 758 3940; x_wconf 87' lang='lat' dir='ltr'>Casmenarum]</span> <span class='ocrx_word' id='word_1_220' title='bbox 781 3886 867 3925; x_wconf 89' lang='lat' dir='ltr'>nosce</span> <span class='ocrx_word' id='word_1_221' title='bbox 893 3885 944 3923; x_wconf 90' lang='lat' dir='ltr'>nos</span> <span class='ocrx_word' id='word_1_222' title='bbox 967 3869 998 3922; x_wconf 58' lang='grc' dir='ltr'>ὦ</span> <span class='ocrx_word' id='word_1_223' title='bbox 1021 3865 1101 3922; x_wconf 78' lang='lat' dir='ltr'>Flur.</span> <span class='ocrx_word' id='word_1_224' title='bbox 1122 3878 1209 3919; x_wconf 87' lang='lat' dir='ltr'>nosce</span> 
     </span>
     <span class='ocr_line' id='line_1_28' title="bbox 96 3949 1210 4014; baseline -0.006 -5"><span class='ocrx_word' id='word_1_225' title='bbox 96 3970 147 4011; x_wconf 86' lang='lat' dir='ltr'>nos</span> <span class='ocrx_word' id='word_1_226' title='bbox 165 3971 232 4010; x_wconf 91' lang='lat' dir='ltr'>esse</span> <span class='ocrx_word' id='word_1_227' title='bbox 248 3953 320 4011; x_wconf 84' lang='lat' dir='ltr'>Par.</span> <span class='ocrx_word' id='word_1_228' title='bbox 334 3955 389 4011; x_wconf 85' lang='lat' dir='ltr'>ab.</span> <span class='ocrx_word' id='word_1_229' title='bbox 407 3972 493 4013; x_wconf 89' lang='lat' dir='ltr'>nosse</span> <span class='ocrx_word' id='word_1_230' title='bbox 512 3974 563 4012; x_wconf 89' lang='lat' dir='ltr'>uos</span> <span class='ocrx_word' id='word_1_231' title='bbox 579 3973 643 4012; x_wconf 91' lang='lat' dir='ltr'>esse</span> <span class='ocrx_word' id='word_1_232' title='bbox 660 3956 738 4014; x_wconf 69' lang='lat' dir='ltr'>Goth.</span> <span class='ocrx_word' id='word_1_233' title='bbox 759 3972 845 4011; x_wconf 90' lang='lat' dir='ltr'>nosse</span> <span class='ocrx_word' id='word_1_234' title='bbox 865 3971 930 4010; x_wconf 90' lang='lat' dir='ltr'>esse</span> <span class='ocrx_word' id='word_1_235' title='bbox 944 3951 1041 4008; x_wconf 83' lang='lat' dir='ltr'>Haun.</span> <span class='ocrx_word' id='word_1_236' title='bbox 1060 3949 1210 4006; x_wconf 87' lang='lat' dir='ltr'>Casmena-</span> 
     </span>
     <span class='ocr_line' id='line_1_29' title="bbox 96 4035 1209 4114; baseline -0.005 -19"><span class='ocrx_word' id='word_1_237' title='bbox 96 4055 155 4096; x_wconf 87' lang='lat' dir='ltr'>rum</span> <span class='ocrx_word' id='word_1_238' title='bbox 166 4040 232 4096; x_wconf 69' lang='lat' dir='ltr'>adul</span> <span class='ocrx_word' id='word_1_239' title='bbox 241 4039 413 4114; x_wconf 56' lang='lat' dir='ltr'>apameiae.</span> <span class='ocrx_word' id='word_1_240' title='bbox 424 4057 476 4099; x_wconf 87' lang='lat' dir='ltr'>nos</span> <span class='ocrx_word' id='word_1_241' title='bbox 485 4042 598 4097; x_wconf 88' lang='lat' dir='ltr'>nomine</span> <span class='ocrx_word' id='word_1_242' title='bbox 607 4040 806 4098; x_wconf 85' lang='lat' dir='ltr'>Casmenarum</span> <span class='ocrx_word' id='word_1_243' title='bbox 822 4038 1021 4098; x_wconf 63' lang='lat' dir='ltr'>omaeuerur.</span> <span class='ocrx_word' id='word_1_244' title='bbox 1038 4053 1089 4090; x_wconf 87' lang='lat' dir='ltr'>nos</span> <span class='ocrx_word' id='word_1_245' title='bbox 1102 4035 1209 4089; x_wconf 90' lang='lat' dir='ltr'>ciemus</span> 
     </span>
     <span class='ocr_line' id='line_1_30' title="bbox 97 4120 1209 4195; baseline 0.001 -15"><span class='ocrx_word' id='word_1_246' title='bbox 97 4141 142 4182; x_wconf 87' lang='lat' dir='ltr'>sas</span> <span class='ocrx_word' id='word_1_247' title='bbox 157 4125 313 4182; x_wconf 86' lang='lat' dir='ltr'>Casmenas</span> <span class='ocrx_word' id='word_1_248' title='bbox 331 4126 365 4181; x_wconf 80' lang='grc' dir='ltr'>Α.</span> <span class='ocrx_word' id='word_1_249' title='bbox 380 4125 503 4184; x_wconf 68' lang='lat' dir='ltr'>uocatur</span> <span class='ocrx_word' id='word_1_250' title='bbox 514 4127 621 4183; x_wconf 78' lang='lat' dir='ltr'>Exere.</span> <span class='ocrx_word' id='word_1_251' title='bbox 637 4129 699 4183; x_wconf 80' lang='lat' dir='ltr'>crit.</span> <span class='ocrx_word' id='word_1_252' title='bbox 714 4127 832 4184; x_wconf 82' lang='lat' dir='ltr'>Bcnnae</span> <span class='ocrx_word' id='word_1_253' title='bbox 847 4130 915 4185; x_wconf 81' lang='grc'><strong>1851</strong></span> <span class='ocrx_word' id='word_1_254' title='bbox 929 4130 993 4195; x_wconf 64' lang='grc' dir='ltr'>μδ</span> <span class='ocrx_word' id='word_1_255' title='bbox 1097 4125 1117 4181; x_wconf 74' lang='grc' dir='ltr'><strong>ὅ</strong></span> <span class='ocrx_word' id='word_1_256' title='bbox 1137 4120 1209 4191; x_wconf 65' lang='grc' dir='ltr'><strong>Ῑαῑῡξ</strong></span> 
     </span>
     <span class='ocr_line' id='line_1_31' title="bbox 96 4202 1126 4286; baseline -0.002 -21"><span class='ocrx_word' id='word_1_257' title='bbox 96 4226 144 4282; x_wconf 90' lang='lat' dir='ltr'>per</span> <span class='ocrx_word' id='word_1_258' title='bbox 162 4213 287 4283; x_wconf 86' lang='lat' dir='ltr'>populos</span> <span class='ocrx_word' id='word_1_259' title='bbox 308 4213 412 4285; x_wconf 67' lang='lat' dir='ltr'>remissi</span> <span class='ocrx_word' id='word_1_260' title='bbox 424 4229 487 4269; x_wconf 83' lang='lat' dir='ltr'>cum</span> <span class='ocrx_word' id='word_1_261' title='bbox 502 4212 541 4268; x_wconf 83' lang='grc' dir='ltr'>Η.</span> <span class='ocrx_word' id='word_1_262' title='bbox 556 4209 687 4286; x_wconf 72' lang='lat' dir='ltr'>Ilberya&#39;c.</span> <span class='ocrx_word' id='word_1_263' title='bbox 714 4229 779 4268; x_wconf 89' lang='lat' dir='ltr'>nam</span> <span class='ocrx_word' id='word_1_264' title='bbox 794 4214 866 4267; x_wconf 87' lang='lat' dir='ltr'>latos</span> <span class='ocrx_word' id='word_1_265' title='bbox 881 4211 1002 4283; x_wconf 89' lang='lat' dir='ltr'>populos</span> <span class='ocrx_word' id='word_1_266' title='bbox 1016 4202 1126 4263; x_wconf 70' lang='lat' dir='ltr'>Probra</span> 
     </span>
     <span class='ocr_line' id='line_1_32' title="bbox 96 4286 1209 4370; baseline -0.004 -17"><span class='ocrx_word' id='word_1_267' title='bbox 96 4299 240 4368; x_wconf 74' lang='lat' dir='ltr'>terrasque</span> <span class='ocrx_word' id='word_1_268' title='bbox 261 4294 300 4351; x_wconf 83' lang='grc' dir='ltr'>Η.</span> <span class='ocrx_word' id='word_1_269' title='bbox 315 4295 461 4370; x_wconf 72' lang='lat' dir='ltr'>llberqiua.</span> <span class='ocrx_word' id='word_1_270' title='bbox 481 4314 528 4355; x_wconf 87' lang='lat' dir='ltr'>rea</span> <span class='ocrx_word' id='word_1_271' title='bbox 549 4304 631 4370; x_wconf 83' lang='lat' dir='ltr'>alque</span> <span class='ocrx_word' id='word_1_272' title='bbox 652 4296 762 4354; x_wconf 77' lang='lat' dir='ltr'>Probus</span> <span class='ocrx_word' id='word_1_273' title='bbox 868 4301 887 4354; x_wconf 79' lang='lat'><strong>4</strong></span> <span class='ocrx_word' id='word_1_274' title='bbox 908 4297 985 4350; x_wconf 85' lang='lat' dir='ltr'>clara</span> <span class='ocrx_word' id='word_1_275' title='bbox 1004 4287 1045 4345; x_wconf 86' lang='grc' dir='ltr'>Η.</span> <span class='ocrx_word' id='word_1_276' title='bbox 1063 4286 1209 4363; x_wconf 58' lang='lat' dir='ltr'><em>W</em></span> 
     </span>
    </p>
   </div>
   <div class='ocr_carea' id='block_1_9' title="bbox 958 4390 1003 4454">
    <p class='ocr_par' dir='ltr' id='par_1_11' title="bbox 958 4352 1195 4454">
     <span class='ocr_line' id='line_1_33' title="bbox 958 4390 1003 4454; baseline -0.038 0"><span class='ocrx_word' id='word_1_277' title='bbox 958 4390 1003 4454; x_wconf 63' lang='grc' dir='ltr'>ι*</span> 
     </span>
    </p>
   </div>
   <div class='ocr_carea' id='block_1_10' title="bbox 0 0 1429 4988">
    <p class='ocr_par' dir='ltr' id='par_1_12' title="bbox 0 0 1429 4988">
     <span class='ocr_line' id='line_1_34' title="bbox 0 0 1429 4988; baseline 0 0"><span class='ocrx_word' id='word_1_278' title='bbox 0 0 1429 4988; x_wconf 95' lang='lat' dir='ltr'> </span> 
     </span>
    </p>
   </div>
  </div>
 </body>
</html>
