2834 4988
603 386 833 445 ENNIANAE
1153 400 1271 448 XXXIII

161 551 257 612 locum
279 551 468 612 habueritis
490 550 592 629 XIVI,
613 571 784 632 quamquam
799 571 908 614 uereor
925 563 954 613 ut
981 555 1009 613 in
1034 553 1157 614 similem
1178 554 1270 617 Ilara-
1323 621 1331 636 ,

160 660 256 717 tianae
281 661 452 720 sententiam
474 659 550 738 apud
573 657 694 719 Ennium
717 659 788 719 luno
811 662 948 722 orauerit.
995 660 1103 721 Infesta
1127 662 1202 720 enlm
1219 679 1268 722 an·

158 765 277 842 tIquitus
299 763 436 825 Romanis
459 764 514 824 dea
533 766 603 824 iram
624 768 652 826 in
673 767 804 828 secundo
826 768 940 828 demum
963 765 1044 826 bello
1065 765 1174 827 Punico
1195 767 1268 828 dcli·

155 871 237 929 niuit.
272 868 316 930 ct.
340 871 460 931 Seruius
490 873 518 931 in
540 871 615 932 Aen.
637 873 650 933 I
673 872 751 934 281:
786 878 853 935 bello
874 878 981 934 Punico
1010 877 1146 947 secundo,
1174 885 1204 934 ut
1231 881 1272 934 eit

154 981 277 1048 Enntus,
312 984 427 1054 placcio
457 983 529 1039 Iuno
561 986 683 1057 coeperat
704 982 808 1056 fouere
839 983 973 1040 Romanis
1000 976 1085 1058 (VIII
1116 978 1151 1038 lr.
1184 977 1266 1060 XV).

155 1083 232 1158 Quid
255 1086 343 1163 igitur
359 1095 421 1145 tum
441 1086 559 1164 incipIat
581 1085 693 1160 lauare,
714 1103 788 1163 quae
807 1085 862 1146 iam
883 1095 950 1147 ante
968 1084 1106 1146 Romanis
1130 1095 1160 1145 ut
1183 1087 1268 1164 regni

153 1191 228 1252 liaes
251 1191 309 1253 late
339 1192 507 1272 proferrent
530 1187 735 1251 concesserit?
757 1190 817 1251 Sed
841 1192 937 1251 Seruii
969 1190 1041 1251 illud
1071 1192 1266 1253 testImonium

153 1315 219 1357 cum
241 1299 392 1361 conferam
413 1317 477 1359 cum
495 1298 588 1358 altera
609 1315 686 1377 quae
709 1297 803 1357 cidem
826 1297 949 1359 debetur
970 1299 1110 1359 memoria
1133 1300 1162 1359 ln
1188 1298 1264 1358 Aen.

152 1401 165 1461 l
192 1402 250 1466 20:
277 1413 307 1466 s'n
328 1413 420 1468 Ennio
445 1414 517 1467 eaba
540 1411 680 1466 abducitur
710 1408 838 1482 Iuppiter
855 1410 1019 1481 promittens
1047 1408 1183 1465 Romania
1213 1425 1264 1466 ex-

151 1515 254 1571 c'dium
288 1516 463 1590 Coronaeus
495 1510 579 1589 (VIII
608 1511 645 1570 ir.
674 1509 778 1591 XIV),
814 1511 842 1570 in
877 1519 984 1570 octauo
1019 1526 1137 1589 quoqne
1170 1511 1265 1572 annali

150 1617 176 1675 si
187 1634 247 1677 non
259 1618 376 1698 plenum
389 1635 560 1678 consessum
574 1617 706 1694 deorum,
723 1627 753 1678 at
768 1635 919 1678 sermones
932 1617 1032 1679 Iouem
1048 1619 1124 1680 inter
1136 1628 1165 1679 et
1179 1617 1263 1680 luno·

150 1741 218 1783 nem
246 1724 376 1786 describi
404 1725 556 1786 coniciam.
602 1724 701 1799 Quare
727 1725 860 1803 dubium,
894 1744 930 1786 an
956 1734 1040 1786 recte
1072 1744 1187 1786 uersum
1217 1746 1263 1786 re-

148 1833 262 1904 spondit
282 1833 353 1891 Iuno
376 1834 512 1892 Saturnio
538 1843 636 1891 concta
657 1838 772 1893 dearum
797 1829 920 1910 (XLVI)
941 1833 969 1890 in
991 1833 1110 1910 primum
1131 1833 1264 1894 crinalem

149 1934 306 1994 intulerim.
362 1937 422 1998 Sed
449 1936 507 1997 lroc
535 1936 686 1997 leuidenss
715 1947 769 1997 est.
821 1935 894 1996 lllud
924 1939 1089 2016 quaeritur,
1120 1939 1165 1998 cui
1194 1937 1262 1997 loco

149 2041 276 2101 maxime
299 2051 384 2121 aptus
405 2042 443 2102 sit
465 2045 531 2120 iste,
555 2062 642 2122 quem
659 2044 727 2103 huic
751 2042 828 2102 libro
846 2042 1036 2118 uindicamus,
1057 2043 1176 2103 deorum
1193 2061 1261 2103 con·

148 2165 263 2206 sessus.
283 2146 329 2213 ,In
346 2167 408 2234 ,qua
431 2168 463 2209 re
481 2151 506 2209 si
524 2148 673 2209 Horatium
690 2150 839 2229 ranuncula,
863 2166 921 2208 non
940 2146 1085 2208 dubitabis
1108 2151 1176 2228 quin
1194 2159 1261 2211 ante

147 2254 243 2330 ipsum
263 2253 372 2315 obitum
393 2255 522 2332 Romuli,
550 2273 608 2315 non
635 2265 703 2334 post
725 2264 863 2331 mortem,
884 2264 915 2314 ut
937 2254 1065 2315 editores
1097 2256 1261 2335 uoluerunt,

149 2359 333 2420 conlocetur.
378 2362 438 2423 Sed
460 2362 557 2423 obstat
579 2360 700 2422 Ouidius
726 2359 796 2422 Ilet.
821 2358 890 2420 XIV
913 2358 992 2421 812:
1035 2373 1063 2423 tu
1084 2367 1152 2423 mibi
1170 2370 1261 2425 conci-

148 2470 184 2525 b'o
215 2472 355 2544 quondam
375 2480 528 2545 praesente
556 2474 669 2530 deorum
702 2473 790 2542 (Nam
817 2487 938 2528 memoro
976 2474 1142 2546 memorr‘que
1170 2476 1261 2529 animo

142 2578 196 2647 pta
222 2578 309 2632 uerba
329 2578 440 2656 notaui)
466 2567 561 2635 ‘Vnus
583 2581 636 2635 erit
664 2593 743 2651 quem
762 2586 791 2634 tu
814 2580 891 2635 tolles
914 2579 942 2633 in
964 2581 1079 2634 coerula
1101 2581 1186 2635 coeti’
1209 2580 1260 2637 Ia·-

147 2683 232 2737 xieti:
274 2689 340 2739 rota
372 2687 408 2741 sit
438 2683 587 2740 uerborum
620 2699 727 2738 maome
762 2692 870 2741 tuoruum
901 2679 955 2758 (cl.
986 2678 1069 2741 -Fast
1106 2679 1133 2741 II
1169 2680 1258 2761 485).

147 2783 174 2843 Α
198 2802 257 2863 quo
279 2784 400 2845 Ennium
422 2787 543 2863 respicI,
568 2786 631 2863 ipse
654 2803 712 2864 quo
739 2789 826 2846 utitur
856 2806 960 2847 uersus
983 2786 1129 2848 Ennianus
1160 2797 1258 2847 osten·

147 2889 198 2950 dit.
242 2889 315 2952 Narn
337 2891 495 2952 Ennianum
518 2909 586 2950 esse
612 2889 732 2952 Ouidius
754 2893 870 2973 quidem
892 2911 950 2954 non
969 2892 1055 2969 dicit,
1088 2894 1140 2953 sed
1163 2893 1257 2953 Varro

146 2992 185 3053 de
202 2993 233 3054 I.
251 2994 282 3055 I.
298 2995 352 3056 Vll
364 2997 383 3059 6
396 2997 433 3057 ll.
448 3000 503 3057 etsi
518 3015 575 3056 non
588 3007 686 3058 monet
701 3007 814 3077 aperte,
830 3009 925 3060 tamen
937 3001 1045 3060 indicat
1058 3016 1115 3058 non
1129 2997 1257 3058 obscure

146 3101 175 3161 ei
197 3103 246 3179 qui
267 3104 348 3163 nouit
368 3120 478 3161 morem
500 3103 649 3163 Varronis.
674 3104 713 3163 At
735 3112 828 3163 tamen
847 3125 885 3165 ex
901 3104 1005 3165 OuidIo
1019 3104 1078 3163 noli
1094 3103 1257 3180 conligere,

146 3209 241 3286 Ipsum
261 3209 381 3270 deorum
406 3211 559 3270 concillum
584 3229 641 3272 non
664 3211 788 3289 expandi
811 3213 839 3270 in
860 3210 1026 3286 annalibus,
1050 3210 1101 3270 sed
1135 3209 1255 3268 mentio-

145 3332 212 3377 nem
234 3323 342 3375 tantum
362 3315 448 3375 modo
468 3318 550 3394 quasi
571 3316 658 3377 babiti
676 3315 792 3376 concilii
820 3316 892 3376 lleri.
937 3314 1051 3375 EtenIm
1081 3315 1196 3376 diuersa
1218 3312 1255 3373 ab

146 3419 298 3480 annalibus
318 3421 370 3482 luit
393 3420 487 3483 Ouidii
509 3423 594 3498 ratio,
618 3423 666 3500 qui
690 3441 754 3481 cum
775 3439 823 3480 res
843 3420 979 3500 plurimas
1003 3420 1090 3481 modo
1115 3422 1255 3499 perstriu-

145 3545 219 3605 gere
238 3528 376 3604 instituat,
401 3529 474 3588 scite
497 3528 647 3588 artificium
675 3527 746 3588 illud
768 3527 888 3587 effinxit.
921 3526 1029 3589 Contra
1047 3525 1177 3606 Iuppiter
1198 3524 1254 3585 En·

145 3634 248 3694 nianus
276 3634 348 3713 ipsis
383 3633 581 3695 adsidentibus
609 3635 653 3694 dis
680 3633 856 3711 genitalibus
882 3633 957 3694 baec
984 3633 1074 3693 uerba
1104 3652 1176 3693 unus
1205 3639 1258 3692 erit

144 3759 225 3816 quen
249 3751 278 3800 tu
303 3746 379 3801 tolles
404 3748 433 3801 in
457 3747 573 3802 coerula
599 3747 670 3800 coeli
696 3745 796 3816 templa
825 3741 990 3802 credendas
1018 3749 1063 3800 cst
1096 3736 1253 3798 extulisse:

145 3847 228 3906 cuius
248 3848 372 3907 orationi
391 3865 456 3906 num
479 3847 657 3926 praemissus
674 3845 761 3906 luerit
779 3845 826 3905 bic
839 3865 957 3906 uersus:
981 3849 1080 3922 effltdit
1092 3861 1174 3902 uoces
1183 3864 1254 3918 pro-

139 3959 206 4028 pub
230 3974 294 4015 eum
307 3950 421 4030 pectore
436 3966 532 4014 euraclo
549 3952 621 4030 (inc.
644 3952 707 4013 sed.
724 3950 849 4031 LXIX),
872 3971 957 4031 quem
981 3949 1096 4030 quidem
1110 3947 1254 4027 praemitti

145 4061 279 4136 potuisse
304 4078 362 4119 non
383 4077 473 4137 nego,
495 4060 646 4118 incertum.
689 4059 785 4137 Atque
806 4057 858 4117 illo
877 4077 964 4117 uersu
984 4059 1126 4118 iudicatur
1158 4055 1253 4127 etiarn,

144 4181 241 4242 quem·
253 4168 431 4245 quaerimus,
453 4166 537 4225 locus
559 4165 686 4225 concilii.
720 4163 791 4223 Cum
808 4165 883 4224 enlm
906 4181 962 4222 non
981 4165 1019 4222 ita
1034 4162 1166 4221 instantis
1182 4168 1256 4239 tem-4

145 4271 324 4346 porisluturi
346 4271 479 4332 indicium
497 4273 653 4346 contiueat,
674 4279 732 4331 turn
748 4271 784 4330 de
807 4270 884 4329 ‘uno'
909 4269 988 4347 quod
998 4268 1078 4344 dicit,
1099 4267 1135 4327 de
1147 4264 1252 4338 altero,

182 4372 296 4434 Ennius
1070 4383 1087 4424 θ
