2834 4988
595 440 827 500 ΕΝΝΙΑΝΑΕ
1149 456 1260 505 LXXXI

147 599 235 661 laude
262 618 278 660 a
307 600 456 661 ueteribus
480 603 737 682 praedicabantur:
759 580 838 667 'inter
861 608 990 668 comicos
1011 617 1107 669 autem
1123 627 1176 670 eos
1197 610 1259 691 qui·

146 706 212 767 dem
235 707 284 785 qui
307 707 404 785 aliqua
420 709 633 770 existimatione
655 710 781 785 fuerunt,
802 711 878 772 bunc
896 720 1012 791 poetam
1036 714 1187 775 Volcatius
1206 718 1258 777 Se·

145 812 254 890 digitus
278 812 391 874 celebri
414 833 538 876 censura
554 816 650 875 inlimo
666 816 733 876 loco
758 821 865 877 ‘causa
881 820 1075 896 antiquitatis’
1098 824 1257 883 recensuit.

146 917 192 979 Cf.
218 919 390 980 Ladewicus
413 921 450 982 de
478 922 604 984 Vulcatii
630 939 743 982 canone
765 942 792 1001 p.
825 922 873 982 12.
912 924 1026 986 lndices
1053 943 1088 987 ac
1114 926 1258 1006 reliquiae

158 1027 232 1085 rium
258 1034 366 1086 tantum
396 1029 610 1090 comoediarum
636 1028 724 1090 bodie
750 1040 863 1091 extant:
897 1031 1138 1108 Ambraciae,
1168 1034 1257 1113 siqui·

145 1131 211 1192 dem
247 1149 282 1192 ea
312 1134 464 1195 comoedia
499 1136 567 1213 luit,
599 1132 863 1214 Cupunculae,
906 1137 1256 1199 Pancratiastarum.

145 1243 345 1316 Capinnattom
364 1240 518 1300 enimcum
539 1240 649 1299 Nonius
675 1260 702 1320 p.
730 1243 806 1317 155,
829 1243 870 1304 30
892 1244 985 1305 tradat
991 1290 1000 1322 ,
1023 1242 1081 1303 leni
1102 1261 1185 1304 manu
1204 1249 1258 1306 Oa·

139 1352 294 1422 pauculam
316 1346 435 1422 relinxi,
465 1364 528 1405 cum
548 1345 686 1406 Bentinus
709 1350 942 1424 capedunculam,
965 1345 1085 1407 Bothius
1101 1369 1258 1425 capuanen-

144 1458 199 1512 lnm
225 1452 399 1512 uoluissent.
443 1451 571 1512 Tertiam
593 1456 807 1513 Pancratiastae
831 1451 983 1529 pluraliter
1011 1453 1164 1533 inscripsi,
1193 1471 1256 1514 cum

143 1556 256 1617 Nonius
284 1575 312 1636 p.
331 1556 408 1632 506,
432 1556 451 1617 3
479 1561 550 1616 idam
567 1563 789 1634 panchratinstis
809 1559 957 1617 citauerit:
987 1577 1158 1639 quamquam
1179 1560 1256 1621 idem

145 1681 173 1742 p.
196 1663 276 1739 513,
304 1663 336 1722 ll
370 1670 399 1722 et
418 1661 495 1738 517,
522 1662 559 1721 15
583 1670 789 1740 pancratiaste,
821 1661 896 1721 unde
918 1667 1124 1726 Pancratiastae
1144 1666 1255 1727 titulum

143 1770 236 1831 luisse
251 1771 414 1848 suspicere,
434 1768 561 1828 exbibet.
602 1768 738 1830 Ceterum
758 1769 937 1845 cognominis
954 1770 1106 1831 comoedia
1121 1771 1254 1833 Alexidis

143 1876 320 1938 Pbilemonis
336 1873 491 1953 Theophili
516 1875 630 1947 citatur,
656 1894 712 1935 nec
728 1885 822 1935 tamen
840 1873 876 1933 de
899 1873 997 1933 barum
1013 1874 1188 1937 Graecarum
1207 1886 1254 1938 aut

144 1982 181 2043 de
198 1981 347 2043 Ennianae
370 1992 542 2060 argumento
562 1983 715 2062 quicquam
731 1981 903 2041 coniciendo
919 1983 1037 2041 eruitur.
1064 1981 1114 2041 llis
1130 1984 1253 2061 ascripsi

142 2086 200 2147 duo
221 2087 383 2164 iragmenta
403 2090 531 2166 incerta,
563 2105 638 2168 quae
664 2087 732 2148 mibi
759 2089 820 2147 uisa
842 2095 907 2147 sunt
930 2089 1102 2166 praesertim
1126 2091 1253 2150 sermoni

143 2193 316 2254 comoediae
335 2193 556 2255 adcommodata
577 2212 655 2254 esse.

229 2300 274 2360 De
294 2298 503 2377 tragoediis
522 2318 583 2359 rem
604 2318 717 2360 omnem
732 2300 796 2360 iere
811 2300 990 2361 Ribbeckius
1006 2300 1176 2377 occupauit:
1196 2319 1252 2362 nec
1344 2358 1348 2369 ,

143 2405 222 2466 iuuat
248 2424 323 2466 nunc
349 2405 463 2483 singula
492 2424 627 2484 quaeque
654 2407 691 2466 de
716 2406 820 2485 quibus
842 2406 878 2466 ab
905 2406 956 2466 illo
977 2415 1006 2466 et
1033 2424 1105 2465 uero
1128 2407 1213 2467 etiam
1234 2424 1251 2467 a

142 2520 249 2571 memet
268 2513 334 2590 ipso
353 2530 429 2572 nunc
460 2513 601 2573 dissentio
630 2530 824 2592 expromere:
852 2531 937 2591 quam
964 2529 1025 2571 rem
1053 2529 1110 2591 quo
1135 2512 1250 2592 plenius

143 2618 283 2696 persequi
304 2616 392 2679 liceat
413 2637 480 2679 mox
502 2619 571 2680 alibi
595 2619 679 2680 locus
701 2620 767 2680 mibi
790 2627 906 2697 paratus
929 2618 993 2677 erit.

229 2722 368 2797 Quartum
389 2743 482 2802 genus
505 2727 622 2805 poesis,
653 2726 681 2786 in
703 2742 760 2804 qno
782 2722 890 2784 Ennius
917 2721 1095 2799 elaborauit,
1118 2735 1251 2786 satura

144 2837 206 2889 est:
234 2827 272 2889 de
296 2831 377 2891 cuius
406 2841 507 2892 natura
537 2841 567 2892 et
594 2833 707 2909 origine
730 2839 798 2910 post
823 2829 943 2890 celebre
970 2826 1063 2891 lsaaci
1086 2829 1251 2892 casauboni

143 2951 217 3014 opus
240 2953 257 2996 a
277 2937 373 2998 multis
391 2938 553 3016 quaesitum
572 2947 633 2998 est:
658 2955 732 3016 quos
752 2955 876 2997 censere
897 2952 998 2994 omnes
1020 2936 1120 3015 largae
1142 2940 1249 2998 oratio·

142 3042 186 3101 nis
208 3041 297 3102 foret.
341 3043 405 3119 Qua
427 3064 460 3105 re
489 3044 596 3104 omissa
618 3044 750 3104 taediosa
771 3044 837 3103 mibi
860 3042 1026 3102 confutandi
1049 3058 1141 3120 opera
1164 3061 1181 3101 e
1203 3061 1249 3102 re·

142 3146 239 3225 liquiis
257 3149 329 3226 ipsis
352 3168 387 3210 ac
407 3152 522 3210 testium
544 3144 683 3211 tenuitate
697 3149 764 3229 quid
780 3149 888 3208 elicere
907 3149 1061 3225 contigerit
1080 3164 1251 3226 proponam.

227 3253 309 3332 lingo
331 3255 415 3316 Ennii
438 3265 535 3316 satura
565 3259 706 3334 originem
729 3255 809 3315 duxit
831 3274 847 3314 a
871 3256 967 3333 prisca
997 3263 1093 3313 satura
1121 3254 1248 3314 scenica.

143 3357 308 3419 cumcuim
327 3363 482 3441 antiquitus
497 3361 619 3422 Romani
632 3369 773 3441 acceptos
790 3361 826 3420 ab
844 3360 977 3420 Etruscis
999 3379 1102 3421 uersus
1120 3359 1248 3420 Fescen·

142 3468 226 3527 ninos
249 3467 397 3545 colerent,
422 3468 600 3530 auertendae
622 3468 806 3548 pestilentiae
829 3483 916 3527 causa
940 3475 1004 3525 sunt
1025 3463 1112 3524 Tusci
1133 3463 1250 3524 histrio·

143 3593 194 3634 nos
217 3576 367 3635 arcessiti:
389 3575 417 3635 hi
432 3576 579 3636 Romanos
600 3592 694 3633 nouae
713 3576 767 3634 arti
778 3576 816 3633 ita
835 3573 1001 3648 conciliant,
1021 3581 1049 3631 ut
1060 3570 1248 3631 histrionibus

142 3680 267 3740 dimissis
293 3681 410 3758 ingenui
432 3682 554 3742 iuuenes
581 3682 702 3741 Romani
732 3682 759 3740 in
791 3680 887 3740 ludum
920 3678 1124 3739 succederent.
1179 3676 1250 3737 lnde

142 3787 237 3845 mixtis
260 3785 420 3846 Tuscorum
445 3788 498 3847 arti
528 3787 702 3847 rudiusculis
719 3786 907 3848 Fescenninis
926 3804 1019 3845 nouus
1036 3803 1144 3845 scenae
1165 3783 1249 3844 ludus

144 3901 223 3952 ortus
247 3902 310 3969 est,
337 3894 429 3954 forma
456 3913 491 3954 ac
515 3895 635 3954 materia
661 3892 809 3969 miscella,
843 3911 928 3972 qnam
951 3901 1076 3952 saturam
1098 3888 1247 3950 dicebant:

143 3999 268 4059 scenicis
286 3998 361 4059 enim
377 3998 553 4076 quibuslibet
576 3999 694 4059 ludicris
713 3998 832 4059 liberius
853 3999 1057 4076 conglutinatis
1072 3996 1188 4057 fabulae
1210 3995 1247 4053 si·

143 4104 301 4165 mulacrum
327 4105 500 4183 prodebant.
555 4106 663 4165 Verum
688 4115 831 4184 percepta
854 4106 946 4166 semel
975 4104 1106 4166 Graecae
1132 4100 1248 4161 labulae

145 4219 295 4270 uenustate
312 4219 429 4273 saturae
451 4212 601 4273 barbaries
623 4211 797 4289 displicere:
826 4230 910 4290 quam
938 4221 1033 4270 tamen
1056 4206 1192 4280 Romani,
1217 4213 1247 4262 nt

145 4299 222 4377 erant
243 4318 359 4397 recepti
380 4327 518 4398 tenaces,
544 4319 717 4398 aliquamdiu
740 4319 920 4378 retinuerunt
947 4326 1035 4395 atquc
1058 4311 1155 4372 exodii
1177 4311 1245 4370 loco

180 4421 294 4482 Ennrvs.
1032 4413 1045 4474 l
