2834 4988
597 415 839 487 RELIQVIAE

644 586 790 676 xxxvl

268 710 315 780 Te
334 709 403 778 sale
423 710 501 777 nata
518 731 637 799 precor
654 707 789 793 Venus,
817 710 850 778 te
869 706 1021 799 genetrix
1038 705 1142 796 patris
1159 705 1274 791 nostri,

268 814 315 882 Vt
332 835 384 883 me
405 811 446 881 de
466 810 560 883 caclo
582 812 676 903 uiqs
694 815 840 913 cognata
862 832 1050 903 parumper.

585 920 798 1033 ..imam

199 1066 239 1126 55
267 1056 381 1149 Teque
401 1059 496 1148 pater
517 1040 747 1161 'Iibffipafff'tpo
769 1075 843 1123 curn
864 1050 998 1167 lluminc
1017 1051 1142 1120 sancto.

617 1190 791 1264 XXXVIII
805 1188 821 1227 *

268 1292 455 1387 Porphyrio
479 1295 512 1366 in
531 1296 611 1368 Hor.
635 1294 743 1369 carm.
763 1295 777 1365 I
797 1301 884 1379 2,18
913 1289 989 1361 ‘Ilia
1011 1289 1146 1360 auctore
1169 1286 1276 1356 Ennio

164 1397 195 1465 in
215 1419 344 1466 amnem
358 1397 498 1470 Tiberim
522 1401 616 1471 iussu
634 1398 758 1471 Amulii
776 1396 868 1490 regis
887 1394 1092 1465 Albanorum
1110 1389 1277 1484 praecipi·

165 1503 234 1570 tata
253 1500 324 1571 est’
435 1552 442 1565 .
941 1528 957 1555 2·

633 1600 807 1677 xxxix*
864 1584 974 1679 :²⁶-

267 1724 326 1794 llia
342 1725 402 1827 ¹dia
424 1744 531 1818 nepos
553 1749 638 1821 quas
657 1746 834 1798 aerumnas
858 1718 1005 1797 teldlstb

678 1864 738 1933 XL
752 1860 769 1899 *

268 2018 587 2037 ......
640 1970 750 2037 cetera
772 1986 857 2058 quos
880 1960 1034 2054 peperist'

268 2069 315 2137 Ne
336 2091 433 2138 cures

665 2173 739 2243 XLI
754 2170 770 2209 *

268 2342 588 2362 ......
641 2295 677 2363 ut
700 2292 759 2362 Ilia
778 2290 905 2361 reddita
924 2291 1062 2380 nuptum

200 2539 240 2601 60
266 2530 359 2600 llaec
376 2531 520 2602 ecfatus:
547 2532 591 2602 ibi
609 2429 764 2604 laterrIbb1
777 2532 864 2602 dicta
880 2531 1062 2601 facessunt.

166 2731 275 2782 anniam
287 2731 400 2783 vacua
413 2733 472 2785 rna:
496 2736 592 2786 exara·
617 2754 641 2787 ο.
658 2753 682 2801 q.
698 2752 720 2788 a
792 2735 905 2786 xxxvi
923 2733 1021 2783 uanus
1036 2749 1062 2799 p.
1076 2727 1137 2786 ³⁷8,
1151 2728 1184 2781 1⁶
1203 2733 1278 2795 ‘re-

166 2816 293 2868 rumper
307 2803 357 2852 cito
372 2810 397 2852 et
411 2804 541 2855 uelociter.
573 2807 670 2858 Ennius
683 2807 768 2857 annali
783 2807 827 2856 lib.
843 2807 852 2854 l
868 2805 914 2854 ...¹
986 2801 1110 2852 XXXVII
1134 2798 1280 2850 Ma⁰r⁰blu⁸

166 2871 219 2921 Sat.
241 2870 309 2922 Vll
335 2888 363 2939 p.
377 2870 430 2924 499
448 2874 505 2925 lau.
535 2877 628 2940 ‘tuque
647 2892 662 2927 ο
679 2876 778 2942 Thybri
800 2885 843 2926 tuo
862 2875 963 2941 genitor
979 2888 1036 2922 cum
1056 2870 1160 2920 lluminc
1180 2875 1277 2921 sancte

167 2938 243 3006 [Aen.
262 2941 323 2991 VIII
341 2940 386 3008 72]
415 2944 511 2995 Ennius
535 2945 562 2995 in
587 2947 671 3013 primo
690 2984 696 2995 .
713 2983 719 2996 .
737 2947 752 2996 .’
823 2943 938 2995 XXXIX
960 2943 1092 2994 Charisius
1113 2941 1123 2989 I
1148 2955 1175 3006 p.
1195 2938 1277 2991 701³.

165 3009 214 3076 (50
231 3007 324 3074 Lind.)
347 3014 474 3079 ‘neptis
494 3018 654 3081 grammatici
674 3015 762 3066 uolunt
781 3016 833 3066 dini
859 3051 865 3063 .
886 3051 892 3062 .
912 3050 919 3062 .
941 3049 947 3061 .
972 3019 996 3061 et
1014 3011 1140 3061 aduocam
1159 3010 1278 3066 Enniam,

166 3080 235 3144 quod
248 3080 342 3131 dixerit
355 3082 403 3132 ita:
421 3083 480 3134 llia’
497 3100 520 3133 e.
528 3101 553 3148 q.
561 3101 583 3135 s.
605 3085 702 3136 Nouius
716 3085 835 3153 palas
849 3088 967 3148 ‘nepos
981 3081 1033 3132 dici
1048 3087 1073 3130 et
1087 3079 1183 3129 femina
1190 3084 1279 3199 pptesl

166 3150 247 3200 Ennio
266 3158 382 3213 auctore,
406 3169 472 3216 quae
485 3169 552 3216 nunc
574 3157 659 3223 neptis
676 3156 781 3207 dicitur:
801 3154 860 3204 Ilia'
884 3169 906 3201 e.
924 3168 950 3215 q.
964 3167 986 3201 s.
1028 3150 1117 3200 Festus
1131 3150 1189 3213 p?
1241 3147 1275 3196 bl·

167 3224 251 3270 ‘recto
264 3219 348 3271 fronte
367 3258 468 3272 .....
489 3225 608 3288 antiquae
623 3227 650 3276 id
663 3224 853 3276 consuetudinis
867 3222 924 3281 ruit,
943 3228 971 3270 ut
983 3235 1041 3269 curn
1055 3221 1091 3269 ait
1104 3219 1201 3268 Ennius
1216 3231 1279 3281 quo-

167 3304 229 3353 que:
249 3291 353 3356 astirpe
365 3307 495 3358 supremo,
515 3302 539 3343 et
553 3295 615 3344 Ilia
629 3296 683 3346 dia
696 3295 815 3361 nepos.'
885 3290 932 3341 XL
949 3286 1279 3341 Seru11¹⁸I11A0¹¹·lXss5⁶

167 3363 290 3409 ‘cetera
303 3360 438 3429 deinceps:
456 3371 480 3413 et
494 3370 532 3413 est
545 3363 696 3416 aduerbium
710 3366 728 3415 i.
744 3382 766 3415 e.
784 3365 810 3413 in
825 3369 950 3420 ceterum:
968 3368 1007 3411 est
1022 3359 1276 3409 autem-Ennianum:

167 3429 263 3478 cetera'
283 3445 305 3480 e.
320 3445 345 3492 q.
361 3447 383 3480 s.
420 3431 482 3483 Cum
504 3433 637 3499 superiore
657 3435 788 3485 coniunxit
802 3432 915 3491 Merula,
939 3431 983 3495 qui
1002 3436 1086 3480 tamen
1102 3428 1170 3493 quod
1190 3442 1278 3479 uerum

167 3506 275 3548 estnon
295 3501 428 3566 perspexit
498 3502 556 3553 XLl
580 3504 686 3555 Seruius
707 3506 733 3554 in
747 3505 810 3555 Aen.
826 3499 926 3554 111333
946 3500 1091 3550 ‘reddita
1108 3513 1178 3548 more
1198 3498 1280 3549 ueteri

167 3581 213 3633 pro
228 3567 289 3619 (Ista
302 3570 490 3636 accipiendum,
509 3588 536 3622 re
550 3589 611 3640 ergo
628 3575 748 3625 abundat.
771 3575 868 3623 Ennius
882 3573 908 3622 in
920 3569 1069 3621 annalibus:
1086 3569 1125 3618 ut'
1141 3585 1164 3618 e.
1181 3585 1205 3632 q.
1221 3583 1243 3619 s.

200 3636 272 3687 XLII
290 3637 421 3707 Nouiusp.
431 3639 491 3701 aas,
500 3641 533 3694 23
553 3643 732 3696 ‘facessere
741 3651 780 3695 est
789 3643 881 3694 lacere.
902 3641 999 3692 Ennius
1009 3639 1143 3689 annalibus
1156 3638 1220 3689 lib.l
1231 3636 1278 3707 ,μ’

209 3817 244 3872 53
267 3816 327 3869 sale
346 3816 422 3883 nata]
445 3825 580 3874 sanenela
601 3819 671 3875 libri.
694 3835 768 3874 nunc
791 3822 887 3875 sancta
910 3815 1056 3882 Columna,
1079 3814 1202 3871 Merula.
1224 3813 1280 3869 (lea

168 3906 264 3954 sancta
272 3899 310 3955 Η.
321 3898 468 3973 Ilbcrpr'as.
493 3903 535 3974 Of.
550 3897 686 3960 Ausonias
701 3907 787 3978 cpr'pr.
798 3908 833 3962 33
845 3900 1045 3958 elPlutorclms
1055 3899 1150 3973 Symp.
1175 3898 1280 3966 Vror

167 3969 250 4056 οἶμαι
266 3976 299 4040 lt
308 3979 358 4042 sol
367 3973 422 4060 τὴν
431 3971 610 4063 Ἀφροδίτην
626 3974 780 4064 ἁλιγενῆ
795 3973 995 4061 rabennam
1011 3971 1238 4059 προςαγορεύειν

210 4071 309 4126 Venus
325 4076 352 4125 et
365 4070 429 4126 libri
455 4086 458 4090 ’
532 4080 566 4132 55
586 4073 725 4145 TyberIne
740 4073 843 4147 Aaplic.
859 4070 934 4126 Med.
1021 4069 1112 4123 Xanto
1129 4068 1227 4124 Salisb.

252 4159 287 4214 56
308 4155 410 4211 Iliada
426 4156 531 4214 Nom'us
607 4160 697 4229 neptis
713 4158 788 4215 Leid.
805 4157 888 4212 Nonii
962 4145 1195 4209 erumna'steluli·‘i
1217 4153 1277 4207 cod.

168 4238 297 4295 Charisii.
314 4256 444 4296 erumnas
461 4243 582 4298 netulisti
598 4243 705 4300 Nonius
810 4247 844 4302 59
861 4240 897 4295 ad
914 4241 960 4294 illa
977 4255 999 4291 r.
1015 4256 1041 4291 n.
1059 4241 1090 4293 ‘c
1105 4238 1203 4295 Seruio
1218 4236 1277 4291 Da-

167 4325 260 4380 nielis’
281 4324 397 4382 Merula
498 4332 534 4387 50
554 4329 677 4386 ecfatus:
693 4329 743 4399 ibi]
764 4335 792 4383 et
811 4328 868 4383 lata
888 4326 941 4382 sibi
955 4323 1079 4380 Bemb.
1095 4329 1122 4379 et
1140 4325 1212 4380 latus
1229 4321 1280 4381 ibl-
