2834 4988
569 384 810 454 nnnlovtnn
1188 381 1248 447 13⁵

645 549 732 623 Vll*

236 671 329 740 Ne'ue
352 673 386 738 tu
411 692 566 763 umquam
589 671 621 741 in
648 671 811 763 gremium
837 673 979 742 extollas
1005 674 1182 744 liberorum
1205 698 1248 745 ex

745 846 748 850 Α
800 775 833 844 le
855 798 974 868 genus,

651 874 727 946 Vlll

236 992 341 1078 Quem
362 991 419 1061 tibi
442 1014 485 1061 ex
506 1013 564 1063 ore
586 994 768 1065 orzilionem
788 996 913 1067 ddriter
933 994 1028 1065 dictis
1051 996 1149 1065 dedit.

236 1229 388 1300 Saeuiter
409 1231 626 1322 suspitionem
646 1130 733 1304 ielile
753 1235 870 1305 falsam
893 1233 1035 1304 hittilum
1058 1204 1119 1303 est.

58 1532 68 1543 .
146 1486 208 1547 350
235 1475 291 1544 'Vt
310 1474 399 1567 quod
418 1474 610 1543 factumest
630 1370 746 1558 iutllile,
766 1473 871 1558 amici,
892 1474 956 1544 uos
976 1471 1089 1542 feralis
1108 1473 1244 1551 fortiter.

637 1608 738 1680 Xl**

233 1714 333 1784 Peter
356 1714 506 1807 inquam,
549 1712 716 1805 hospileS,
755 1716 849 1803 pater
877 1735 928 1783 me
953 1711 1074 1783 himine
1104 1716 1244 1796 orbarit,

794 1819 897 1906 pater.

657 1916 717 1987 Xll

233 2017 289 2090 tbi
311 2023 381 2089 lum
404 2017 583 2109 derepente
604 2042 648 2090 ex
670 2021 738 2091 allo
762 2021 794 2090 in
819 2020 918 2089 illum
944 2019 1097 2113 despexit
1116 2043 1217 2095 mare.

115 2222 337 2273 isticredere
359 2222 752 2288 atqueexercelinguam'
768 2240 790 2272 e.
808 2238 832 2284 q.
847 2237 868 2270 s.
883 2220 1080 2286 (Phoenice:
1101 2229 1163 2271 tum
1178 2224 1243 2274 Mer-

76 2330 84 2339 .
131 2308 215 2343 cerus.
237 2307 296 2356 quo
316 2293 398 2342 enim
412 2299 537 2341 coetum
557 2307 618 2340 mss.
635 2292 731 2343 Vossii.
754 2293 927 2343 Choenice:
948 2300 1010 2339 tum
1026 2292 1159 2341 Turnebus
1174 2294 1241 2344 ndu.

131 2362 217 2411 XXIX
230 2362 264 2413 '20
311 2362 432 2411 Ennius
445 2376 560 2410 exerce
574 2362 732 2428 linguam,
746 2363 813 2412 med.
828 2376 889 2421 om„
905 2359 1000 2423 Basil.)
1021 2361 1066 2410 His
1077 2361 1244 2413 duobusuer-

130 2433 201 2482 sibus
220 2432 361 2497 interposui
376 2431 560 2497 fragmentum,
581 2431 650 2494 quod
664 2431 799 2482 Phoenicis
819 2447 876 2481 esse
900 2432 928 2480 0.
951 2431 1086 2480 Ribbecnn
1110 2433 1244 2499 sagacitati

131 2500 249 2562 debetur,
274 2502 296 2550 V
315 2501 447 2552 Charisius
466 2500 500 2550 1v
519 2516 545 2566 p.
567 2503 620 2552 ’254
640 2502 667 2552 P.
695 2501 766 2566 (169
779 2498 876 2564 Lind.)
899 2504 959 2566 ‘per
979 2501 1120 2565 apoclisin:
1143 2517 1244 2568 egone

183 2559 344 2637 comperi’
416 2571 461 2620 Vll
485 2569 573 2620 Cicero
588 2571 657 2620 Orat.
672 2572 715 2630 46,
732 2572 781 2623 155
797 2572 897 2634 ‘itaque
912 2571 980 2620 idern
998 2573 1087 2635 poeta,
1106 2573 1150 2634 qui
1163 2573 1244 2624 inusi-

129 2643 207 2691 tatius
222 2647 382 2691 contraxerat
399 2640 483 2704 [Alex.
501 2641 559 2689 Vlll
571 2637 616 2706 81]
689 2649 713 2690 et
727 2640 802 2706 [ibid.
818 2639 863 2707 88]
882 2677 918 2700 ..,
933 2654 983 2689 uon
997 2640 1059 2690 dicit
1074 2640 1197 2704 liberum,
1216 2653 1244 2694 ut

129 2712 245 2778 plerique
264 2711 392 2774 loquimur
473 2709 519 2760 sed
537 2719 565 2759 nt
583 2711 625 2759 isti
646 2710 748 2760 uolunt:
779 2726 858 2760 neue
879 2711 921 2758 tu'
939 2726 961 2759 c.
981 2727 1005 2773 q.
1022 2724 1044 2762 s.
1135 2706 1243 2765 ‘deine

129 2782 193 2830 alter
206 2781 233 2830 in
247 2779 344 2845 Chryse
421 2781 496 2842 Atqui
515 2779 581 2828 dixit
596 2780 680 2830 Attius
695 2782 743 2829 ...’
775 2781 815 2829 Ad
829 2780 982 2831 Phoenicem
1002 2779 1097 2830 rettulit
1117 2780 1244 2849 Bergkins

130 2851 194 2900 hius.
211 2849 293 2900 lihen.
308 2848 374 2900 1835
387 2864 413 2914 p.
425 2848 458 2900 73
473 2849 540 2898 conl.
555 2850 628 2898 Hom.
646 2850 675 2898 ll.
691 2851 772 2900 1455
842 2850 900 2899 Vlll
918 2848 1016 2898 Nonius
1030 2865 1057 2916 p.
1070 2850 1158 2911 5126
1173 2853 1244 2902 ‘du-
1338 2860 1346 2869 “

130 2922 211 2970 riter
236 2933 283 2985 pro
310 2920 373 2968 dure
458 2919 555 2968 Ennius
576 2916 686 2969 Poenico
705 2921 758 2968 ...’
791 2919 839 2985 (ln
858 2919 948 2971 Barnb.
968 2919 1033 2969 nihil
1054 2927 1123 2969 extat
1142 2930 1245 2986 praeter

129 2991 194 3041 duas
203 3004 280 3039 noces
290 2987 431 3052 extremas)
460 2987 591 3038 Charisius
603 2989 622 3036 ll
632 3003 659 3054 p.
670 2987 752 3039 1781‘.
765 2986 928 3054 (lliLind.)
943 2989 1093 3039 ‘duriten
1109 2990 1244 3043 Terentius

129 3062 154 3109 in
175 3059 301 3124 Adelphis
373 3059 418 3107 ubi
433 3059 532 3108 Acron:
553 3059 693 3107 secundum
709 3059 883 3121 antiquorum,
904 3058 1000 3120 inquit,
1024 3059 1242 3112 consuetudinem.

129 3130 194 3179 Nam
215 3137 240 3179 et
254 3129 351 3179 Ennius
371 3129 397 3176 in
412 3127 539 3177 Phoenice
553 3129 601 3176 ...’
621 3128 779 3193 (Poenico
792 3125 866 3191 cod.)
936 3127 973 3176 lX
996 3127 1093 3177 Nonius
1107 3143 1135 3193 p.
1150 3129 1209 3191 511,
1227 3133 1243 3184 5

129 3200 348 3264 ‘saenitcrpro
358 3213 436 3248 saeue
450 3197 596 3247 ...Ennius
606 3198 757 3247 Fonice...’
777 3195 1051 3263 (PoeniceBamb.)
1110 3197 1244 3252 XNonius

129 3285 155 3334 p.
171 3270 230 3327 514,
248 3267 281 3320 13
306 3268 446 3326 ‘futtile,
471 3267 597 3316 inutiliter.
635 3268 732 3317 Ennius
747 3268 855 3317 Poenice
871 3268 923 3315 ...’
995 3265 1030 3315 ΧΙ
1055 3266 1189 3319 Charisius
1207 3272 1244 3322 tv

129 3354 156 3404 p.
169 3338 221 3389 250
239 3339 267 3388 P.
292 3335 462 3402 (ld'lLind.)
488 3327 684 3402 6ἐπανάληψις
704 3344 755 3397 est,
781 3352 838 3386 cnm
857 3336 947 3386 eadem
967 3335 1044 3392 dictio
1066 3338 1093 3386 in
1115 3340 1243 3409 principio

130 3422 220 3457 ireneus
241 3409 308 3457 etin
328 3408 445 3457 clausula
463 3408 579 3473 ponitur,
600 3416 642 3456 ut:
662 3409 768 3473 pater·
787 3423 810 3456 e.
826 3423 850 3469 q.
867 3422 890 3459 s.
918 3406 1056 3456 Diomedes
1068 3408 1091 3457 ΙΙ
1105 3423 1131 3473 p.
1147 3410 1199 3462 440
1213 3412 1241 3461 Ρ.

130 3477 309 3544 ‘epanalepsis
331 3479 383 3526 ...’
416 3478 537 3527 Claudius
554 3477 680 3527 Sacerdos
698 3477 708 3525 l
727 3493 754 3542 p.
775 3475 809 3528 35
828 3477 903 3526 Endl.
928 3476 1133 3543 ‘epanalempsis
1149 3478 1177 3529 lit
1195 3481 1244 3532 hoc

129 3548 218 3597 modo:
239 3547 308 3598 idem
325 3548 431 3598 uerbum
450 3548 554 3613 ponitur
571 3549 597 3597 ln
617 3546 745 3606 clausula,
766 3547 834 3611 quod
855 3547 881 3595 in
898 3546 1026 3612 principio
1046 3548 1179 3609 dictionis,
1201 3560 1242 3601 ut:

130 3619 235 3684 pater·
254 3634 277 3668 c.
293 3634 317 3681 q.
331 3634 352 3666 s.
382 3618 517 3667 Phoenicis
538 3617 665 3680 querellas
684 3618 790 3682 agnouit
809 3616 838 3666 0.
854 3616 1010 3665 Ribbeckins
1078 3616 1128 3668 XlI
1146 3618 1243 3672 Nonius

130 3703 155 3753 p.
174 3685 265 3747 518,5
283 3687 475 3752 ‘derepente
543 3688 640 3737 Ennius
652 3688 775 3736 Poenicae
791 3688 842 3739 ...’
863 3685 1021 3751 (Phenice
1034 3686 1140 3753 Bamh.)

138 3813 298 3823 -.----
306 3813 338 3820 --

170 3895 222 3959 347
248 3908 321 3949 neue
347 3898 377 3947 tu
398 3890 600 3947 Fleckeisenuo.
630 3906 722 3960 neque
751 3895 779 3943 tu
799 3889 928 3960 plerique
950 3889 1021 3944 lihra'.
1051 3907 1140 3963 neque
1167 3900 1242 3949 tuum

129 3977 225 4033 eade
309 3980 362 4036 349
374 3976 557 4047 suspitionem
568 3974 667 4030 Bomh.
680 3974 872 4044 suspicionem
884 3975 968 4029 ceteri
977 3974 1042 4029 libri
1126 3979 1243 4034 luttilurn

129 4060 205 4118 Leid.
229 4062 336 4116 lulilurn
356 4063 440 4117 ceteri
459 4060 524 4117 lieri
605 4064 658 4119 350
680 4059 756 4114 sutile
771 4058 871 4115 Bemh.
960 4076 1012 4114 uos
1028 4061 1122 4117 ieratis
1138 4063 1180 4117 ed.
1193 4079 1241 4135 pr.

131 4164 182 4202 uos
198 4147 314 4203 fueratis
327 4146 390 4203 libri
397 4146 535 4218 plerique.
550 4161 607 4200 non
619 4147 761 4201 lueremus
773 4143 865 4198 Pelet.
878 4160 929 4198 nos
943 4146 1065 4200 ieramus
1075 4148 1119 4200 ed.
1132 4151 1201 4205 1480

94 4288 100 4296 ,
171 4237 222 4291 351
242 4233 365 4303 inquam,
380 4231 519 4301 hospites,
534 4236 613 4302 pater
629 4247 673 4285 me
689 4231 792 4285 lumine
809 4228 840 4284 0.
856 4226 1030 4284 edocendo.
1048 4231 1160 4302 inquam
1176 4228 1243 4286 hos-

128 4318 195 4388 pitis
209 4333 255 4372 rne
271 4317 375 4373 lumine
387 4315 525 4374 enodes.
544 4315 657 4386 inquam
675 4331 720 4369 me
736 4315 839 4371 lumine
855 4313 998 4370 Charisius
1013 4319 1041 4369 et
1055 4315 1200 4372 diomedes
