2834 4988
222 449 361 498 Lxxvln
626 438 937 506 QVAESTIONES

221 628 269 667 sor
284 618 325 665 est
337 608 441 681 foetos,
463 607 571 661 homine
593 610 777 664 inimicissimo
798 613 826 664 in
846 627 944 682 compo
958 612 1049 665 statim
1066 610 1147 664 rediit
1158 611 1187 664 in
1201 613 1329 682 gratiam,

221 725 252 774 ut
269 731 410 772 commune
430 713 551 786 officium
566 712 703 771 censurae
723 719 859 771 communi
877 718 967 771 (animo
990 732 1024 770 oc
1042 717 1180 770 uoluntate
1201 716 1330 787 defende-

222 817 306 881 rent?
330 818 461 895 Adparet
485 818 559 875 enim
582 835 598 876 a
620 813 765 876 Cicerone
791 818 846 877 dici
869 817 952 876 Ennii
973 817 1111 893 annales,
1135 836 1222 896 quern
1244 820 1328 877 etiam

223 928 291 988 alibi
319 942 456 986 summum
487 930 602 1001 poetam
630 926 794 984 nominauit.
847 925 917 984 Rern
946 925 1037 1002 ipsam
1061 932 1157 983 autern
1186 943 1213 985 a.
1245 944 1274 983 u.
1304 944 1329 984 c.

222 1035 283 1094 573
309 1033 453 1092 accidisse
482 1030 553 1089 Liuii
581 1029 725 1089 beneficio
749 1029 797 1089 XL
824 1031 864 1090 46
887 1039 1009 1089 constat.
1055 1030 1100 1089 De
1129 1029 1261 1107 reliquiis
1284 1032 1331 1088 uix

223 1143 375 1218 quicquam
398 1137 579 1196 confidenter
601 1138 751 1197 adfirmes:
780 1155 898 1214 quarum
923 1155 1036 1215 paucae
1057 1135 1171 1214 (l-v)
1200 1154 1218 1194 e
1240 1133 1332 1193 Fuluii

223 1245 321 1306 Flacci
341 1245 429 1304 rebus
452 1261 523 1320 quas
548 1243 606 1303 illis
628 1245 708 1303 annis
729 1253 828 1302 contra
853 1242 1020 1303 Celtiberos
1041 1242 1135 1320 gessit
1161 1241 1331 1319 desumptae

223 1372 290 1411 esse
321 1361 451 1431 possunt.
498 1348 543 1409 Cf.
566 1350 663 1409 Liuius
685 1349 734 1409 XL
760 1350 809 1409 39.
834 1350 884 1409 40.
977 1408 994 1421 ,.

308 1457 346 1516 m
368 1455 404 1516 de
428 1459 497 1516 crisi
520 1475 655 1515 uersunm
670 1455 732 1516 426
747 1473 791 1532 sq.
814 1455 861 1515 hic
879 1454 1020 1533 quaedam
1043 1455 1173 1515 adiciam.
1203 1454 1331 1528 Quorum

223 1566 416 1644 posteriorem
428 1565 551 1641 ascripsi
567 1582 653 1642 quem
665 1562 816 1621 admodum
829 1561 1001 1622 Theodorus
1014 1561 1157 1638 Berghius
1169 1563 1196 1619 in
1211 1579 1332 1620 censura

222 1670 301 1730 Festi
316 1670 497 1729 lllnelleriani
510 1668 648 1748 (Ephem.
681 1669 734 1728 litt.
747 1669 812 1728 Hal.
827 1688 852 1728 a.
873 1667 952 1728 1842
966 1669 992 1728 ll
1008 1667 1085 1747 230)
1100 1669 1280 1728 emendauit:
1296 1668 1331 1728 de

223 1779 317 1837 altero
332 1779 508 1836 sentionunc
524 1795 610 1835 secus
627 1785 713 1853 atque
729 1776 797 1835 olim
813 1795 876 1835 cum
892 1775 1053 1852 fragmenta
1070 1777 1241 1855 perscripsi.
1266 1774 1330 1848 Quo

223 1902 310 1944 uersu
327 1885 382 1944 duo
398 1886 576 1961 grammatici
599 1893 724 1958 utuntur,
746 1881 933 1959 Philargyrus
957 1883 985 1940 iu
1000 1881 1108 1958 Georg.
1131 1880 1172 1942 IV
1189 1880 1261 1959 188,
1285 1882 1332 1960 qui

223 2000 313 2051 totum
335 1993 525 2069 fragmentum
547 1990 692 2050 exhihuit:
730 2011 784 2048 non
797 2000 914 2066 possunt
928 2008 1055 2047 mussare
1082 1993 1147 2049 honi
1166 1999 1216 2066 qur·
1225 1993 1332 2066 factam

222 2103 315 2158 latore
335 2106 414 2158 eniri
432 2105 553 2158 militiam
574 2117 727 2174 peperere,
750 2106 779 2155 et
797 2094 877 2155 Festi
900 2094 1048 2154 breuiator
1069 2113 1098 2174 p.
1122 2098 1180 2156 144
1202 2097 1258 2157 Μ.;
1279 2117 1354 2165 noo,

223 2211 299 2265 (lecet
325 2225 452 2265 mussare
473 2210 565 2265 bonos.
609 2203 681 2263 Nam
702 2202 760 2261 hoc
783 2204 934 2263 frustulum
957 2221 1014 2262 non
1043 2205 1258 2282 segregandum
1289 2213 1332 2265 est

224 2314 395 2374 auersihus
420 2311 595 2388 Philargyri:
625 2310 753 2370 editores
777 2309 892 2388 quidem
915 2310 985 2370 illud
1015 2321 1157 2389 tamquam
1183 2312 1331 2389 proprium

223 2416 306 2476 Ennii
329 2420 520 2496 fragmentum
541 2426 708 2492 recensent,
728 2422 772 2475 hic
795 2418 976 2494 pronomine,
1000 2436 1036 2476 ne
1052 2435 1187 2478 numerus
1208 2418 1331 2493 labatur,

224 2525 349 2584 inserto:
372 2545 427 2584 non
449 2528 583 2582 deecthr'c
597 2548 632 2584 m.
648 2531 673 2584 h.
707 2524 788 2599 Quos
811 2522 968 2582 Muellerus
991 2526 1136 2602 uituperat
1156 2524 1192 2584 ad
1215 2523 1331 2584 Festum

224 2649 252 2708 p.
282 2629 343 2689 384
382 2638 410 2688 et
444 2628 598 2705 Berghius.
651 2628 706 2703 Qui
742 2632 889 2709 pristinam
919 2632 981 2688 eius
1015 2649 1120 2691 uersus
1153 2633 1285 2709 speciem
1317 2648 1333 2689 a

223 2734 313 2794 Paulo
337 2733 409 2793 tradi
432 2735 571 2812 adfirmat,
596 2754 681 2815 quam
701 2738 856 2815 antiquitus
876 2739 1081 2813 grammaticus
1099 2737 1224 2815 quidam,
1245 2756 1281 2797 ue
1305 2739 1332 2797 in

223 2842 393 2901 hexametro
417 2841 573 2902 trochaeus
597 2844 738 2919 offendat,
763 2845 965 2923 intempestiue
987 2844 1149 2904 mutauerit.
1195 2842 1269 2902 Nam
1291 2844 1332 2902 le·

223 2950 350 3025 gitimum
379 2966 446 3007 esse
475 2951 557 3027 primi
592 2951 676 3029 pedis
704 2949 889 3026 trochaeum,
920 2970 1007 3030 quem
1039 2950 1148 3011 Ennius
1177 2947 1332 3009 Homerum

224 3059 347 3116 imitatus
374 3073 430 3114 non
458 3072 524 3113 raro
552 3055 580 3113 in
609 3073 678 3114 suos
701 3056 888 3117 hexametros
909 3057 1065 3117 admiserit.
1111 3056 1149 3115 At
1172 3058 1201 3117 id
1225 3056 1333 3117 uellem

222 3163 366 3241 Berghius
388 3160 563 3221 certioribus
593 3180 677 3239 quarn
705 3164 809 3241 quihus
837 3181 905 3222 usus
934 3172 979 3222 est
1006 3162 1148 3241 exemplis
1178 3163 1330 3224 donasset.

222 3268 336 3329 Etenim
359 3268 437 3347 quod
464 3267 539 3326 huno
560 3287 676 3328 uersum
705 3271 838 3329 asciscit:
864 3275 960 3329 adnuit
976 3288 1037 3328 sese
1058 3288 1162 3328 mecum
1183 3275 1334 3331 decernere

220 3379 301 3452 ferro
326 3374 368 3453 (11
390 3374 425 3433 fr.
448 3373 515 3454 Xl),
537 3375 678 3434 refutatur
694 3375 729 3434 ab
753 3393 789 3434 eo
814 3376 859 3434 cui
882 3374 1022 3434 dehemus
1047 3373 1239 3453 fragmentum
1257 3378 1331 3438 Pris-

223 3485 306 3542 ciano
330 3481 357 3541 X
378 3500 406 3560 p.
428 3480 489 3542 822
512 3482 542 3540 Ρ.
562 3481 575 3540 l
595 3481 702 3559 [1480
724 3481 786 3558 llr.,
809 3484 858 3560 qui
881 3498 917 3540 co
935 3478 1072 3557 exemplo
1097 3484 1330 3544 ‘uetustissimos

222 3590 309 3650 etiam
324 3589 499 3668 produxisse
515 3586 712 3665 perfectorum
732 3588 760 3645 in
781 3594 811 3646 ui
831 3587 1021 3647 desinentium
1041 3589 1241 3664 penultimam’
1265 3608 1332 3650 cou-

223 3698 324 3757 firmat.
370 3695 415 3754 De
444 3693 536 3751 altero
560 3701 655 3751 autem
678 3710 765 3751 uersu
792 3698 925 3753 Toreatai
948 3711 1050 3769 corpas
1071 3697 1142 3754 donc
1162 3700 1270 3771 semino
1292 3702 1332 3756 lo·
1392 3724 1397 3731 ·

222 3810 261 3864 uit
281 3813 307 3862 et
326 3807 409 3861 unxit
428 3798 483 3878 (ill
506 3798 540 3857 fr.
565 3797 648 3878 Vlll)
673 3799 740 3858 olim
763 3799 942 3859 intellectum
969 3808 1088 3857 estnec
1112 3800 1260 3873 Tarquinii
1279 3816 1332 3858 nec

224 3909 301 3987 quod
337 3907 481 3984 Berghius
520 3905 610 3963 uoluit
640 3910 776 3982 Tarquini
807 3906 860 3965 sed
897 3910 1031 3964 Tarentini
1055 3903 1209 3982 probatam
1241 3903 1332 3964 fluuio

223 4014 344 4073 formam
364 4031 441 4072 esse.
473 4010 606 4092 Denique
629 4013 742 4072 tertium
765 4012 941 4071 uersiculum
963 4012 1064 4072 nescio
1089 4028 1146 4088 qua
1160 4014 1332 4071 auctoritate

223 4117 367 4195 Berghius
395 4119 433 4177 ita
465 4119 612 4194 citauerit,
647 4124 771 4194 repletur
792 4120 926 4176 imbrium
953 4122 1082 4194 fremitu.-
1111 4117 1234 4177 Seruius
1261 4119 1333 4177 enim

225 4244 310 4303 quem
340 4224 388 4283 ille
417 4233 565 4284 auctorem
592 4224 718 4284 laudauit
747 4225 790 4302 (in
815 4223 923 4299 Georg.
951 4222 963 4281 l
990 4222 1041 4295 12)
1064 4223 1102 4280 ita
1127 4223 1236 4282 refert:
1267 4241 1333 4300 oper

223 4337 347 4407 oppletas
367 4336 493 4391 iamiam
510 4336 637 4408 [recreta.-
673 4347 748 4407 quae
767 4346 851 4388 nemo
874 4329 1016 4388 annalium
1043 4346 1111 4387 esse
1135 4337 1261 4389 testatur
1279 4346 1333 4387 nec
