2834 4988
558 415 800 486 RELIQVIAE
1174 411 1236 476 133

647 582 713 652 V*

223 700 306 787 Gur,
340 704 429 796 quod
456 704 567 774 inme
595 708 664 790 est,
702 704 902 774 e'xsecrabor
931 702 996 773 hoc
1011 684 1112 796 'quod
1137 704 1234 792 lucet,

785 805 943 901 quidquid
967 807 1042 876 est?

650 923 700 993 Vl

226 1092 545 1109 ......
599 1062 673 1110 cum
695 1041 815 1111 saxum
836 1040 998 1112 sciciderit

647 1175 709 1247 Vll

223 1292 350 1362 Gellius
372 1292 407 1361 V
430 1303 464 1362 11
502 1293 604 1366 ‘inter
626 1295 712 1366 enirn
741 1297 993 1387 pulcherrimam
1020 1297 1174 1367 feminam
1201 1302 1234 1368 et

120 1396 395 1466 deformissimam
431 1398 539 1468 media
573 1400 680 1470 forma
711 1403 873 1494 quaedam
904 1405 955 1470 est
1076 1402 1232 1495 qualisa

68 1570 75 1574 ,
121 1499 241 1584 Quinto
256 1500 362 1570 Ennio
380 1500 413 1568 in
427 1501 675 1595 Menalippa’
697 1505 954 1596 (Melanippa
970 1504 1123 1574 Rottend.
1138 1505 1231 1595 Vat.)

121 1610 295 1696 ‘perquam
315 1603 461 1696 eleganti
485 1607 647 1677 uocabulo
667 1611 776 1678 stata
795 1609 913 1678 dicitur
936 1662 943 1678 .
963 1660 995 1677 ..
1016 1608 1142 1678 Ennius
1167 1632 1232 1678 au-

74 1730 81 1743 *
119 1702 184 1776 tem
207 1706 238 1774 in
261 1707 325 1777 ista
351 1731 450 1801 quam
473 1708 540 1778 dixi
562 1711 736 1803 tragoedia
767 1734 838 1781 eas
862 1713 949 1782 fere
969 1711 1147 1782 feminas
1173 1712 1232 1781 ait

120 1809 315 1880 incolumi
343 1811 553 1903 pudicitia
579 1836 692 1900 esse,
733 1838 837 1908 quae
866 1820 976 1887 stata
1003 1817 1134 1885 forma
1163 1817 1233 1885 fo-

120 1916 220 1982 rent.

531 1962 536 1970 Ι
599 2019 750 2090 ΝΕΜΕΑ

670 2157 684 2226 Ι

132 2285 194 2346 335
216 2270 353 2344 denen
372 2272 540 2364 consipta,
569 2275 715 2369 undique
739 2299 853 2346 uenor.

658 2413 686 2482 ll

221 2524 346 2596 Pecudi
367 2526 447 2596 dare
471 2525 549 2596 uiua
571 2527 687 2600 marito

120 2730 211 2795 lippe
235 2727 337 2792 Anglic.
357 2741 391 2775 m.
412 2742 452 2792 pr.
475 2728 532 2777 Par.
553 2728 649 2780 Salisb.
668 2728 766 2796 Neap.)
839 2729 862 2778 V
888 2727 976 2779 Cicero
996 2728 1028 2778 de
1048 2737 1100 2779 nat.
1120 2730 1191 2780 deor.
1211 2731 1234 2780 ll

119 2801 163 2858 25,
183 2798 217 2850 65
242 2796 324 2847 ‘hunc
344 2796 436 2862 igitur¹
456 2796 506 2863 (sc.
531 2798 634 2864 Iouem)
659 2801 784 2858 ‘Ennium
811 2804 838 2847 ut
858 2799 1024 2864 supradixi,
1049 2808 1178 2866 nuncupat
1198 2800 1235 2850 ita

120 2869 221 2919 dicens:
240 2867 328 2932 aspice
346 2864 395 2916 hoc
408 2865 548 2918 sublimen'
564 2886 586 2920 e.
604 2887 629 2933 q.
647 2886 670 2920 s.
695 2869 812 2936 ‘planius
834 2884 910 2931 quarn
929 2868 980 2918 alio
1000 2869 1056 2918 loco
1073 2869 1155 2918 idem:
1180 2885 1233 2930 cur,

120 2939 201 3002 qnod’
225 2953 248 2987 e.
269 2952 294 2999 q.
316 2951 337 2985 s.
369 2937 424 2986 Huc
444 2936 521 2987 refert
541 2938 571 2989 0.
590 2940 747 2990 Ribbeclrius
817 2939 852 2986 VI
877 2939 1023 2987 Priscianus
1043 2938 1067 2988 X
1086 2954 1112 3003 p.
1132 2937 1185 2989 890
1203 2940 1231 2988 P.

119 3010 144 3074 (l
165 3023 192 3073 p.
206 3005 256 3058 491
274 3004 319 3071 ll.)
345 3006 492 3067 ‘scindo‚
513 3009 587 3059 scidi.
617 3008 792 3060 Vetustissimi
805 3015 890 3057 tamen
906 3009 982 3058 etiam
1001 3007 1124 3057 scicidi
1147 3007 1234 3073 profe-

120 3078 209 3128 rebant
229 3103 262 3113 -
278 3104 315 3115 -
331 3076 416 3125 Attius
433 3074 611 3128 Sotadicorum
629 3079 651 3127 l:
671 3095 731 3128 num
750 3092 810 3143 ergo
827 3077 915 3141 aquila
931 3077 967 3126 ita
987 3085 1014 3125 ut
1030 3075 1058 3125 hi
1075 3078 1233 3142 praedicant,

121 3146 256 3198 sciciderat
268 3162 300 3196 ea
310 3146 418 3211 pectus?
484 3147 581 3198 Ennius
592 3149 773 3214 inltlenalippa
783 3182 790 3195 .
799 3182 805 3195 .
814 3148 829 3194 .'
844 3145 1054 3213 (Melanippa
1063 3145 1128 3211 Reg.
1139 3147 1233 3197 Carlsr.

121 3216 248 3275 ltalberst.
261 3215 356 3281 nuga,
375 3230 425 3266 om.
441 3215 520 3283 Sang.
536 3218 728 3285 Menalippa
743 3214 833 3281 ceteri)
865 3215 935 3265 Idem
950 3215 1120 3281 fragmentum
1132 3217 1156 3265 J.
1172 3215 1235 3266 Gro

120 3288 212 3338 nouius
225 3287 371 3352 suspicatur
386 3287 448 3336 olim
463 3288 579 3338 extitisse
592 3288 668 3338 etiam
682 3289 752 3355 apud
762 3285 871 3337 Gellium
885 3286 933 3334 Vll
949 3284 966 3335 9
986 3291 1135 3351 ‘praeterea
1147 3287 1234 3337 inueni

121 3374 136 3408 a
155 3357 234 3407 uerbo
253 3356 370 3406 scindo
387 3356 466 3406 simili
482 3358 582 3409 ratione
599 3373 649 3408 non
663 3359 774 3408 sciderat
786 3355 832 3406 sed
851 3355 1032 3405 sciciderat
1053 3355 1148 3405 dictum
1166 3373 1232 3407 esse.

120 3427 150 3476 L.
171 3427 256 3476 Attius
275 3426 301 3475 in
321 3424 499 3476 Sotadicorum
518 3427 607 3477 librol
625 3428 761 3478 sciciderat
779 3425 853 3477 dixit.
891 3425 978 3474 Verba
994 3424 1059 3475 haec
1075 3432 1148 3474 sunt:
1173 3442 1233 3476 unm

120 3511 181 3563 ergo
201 3495 287 3560 aquila
306 3496 342 3545 ita
356 3504 383 3544 ut
396 3496 423 3546 hi
438 3496 600 3562 praedicant,
617 3499 753 3549 sciciderat
764 3512 795 3547 ea
806 3495 914 3561 pectus?
932 3495 1028 3545 Ennius
1042 3510 1143 3559 quoque
1157 3496 1235 3547 Vale-

119 3568 173 3617 rius
182 3567 278 3616 Antias
298 3566 324 3614 in
343 3566 408 3616 libro
426 3566 591 3618 historiarum
608 3568 704 3618 Lxxv
719 3568 798 3619 uerba
813 3565 877 3616 haec
894 3565 1011 3631 scripsit:
1035 3565 1129 3616 deinde
1146 3567 1235 3618 funere

121 3639 203 3689 locato
217 3636 251 3686 ad
264 3635 347 3687 lorum
364 3635 542 3687 descendldit.'

155 3706 257 3757 Naidas
294 3706 305 3754 l
329 3705 427 3756 Nonius
446 3705 598 3773 p.183,13
624 3709 750 3766 ‘uenor,
776 3705 969 3755 circumuenior.
1004 3705 1101 3754 Ennius
1120 3704 1236 3757 Nemea

122 3776 176 3826 ...⁹
202 3775 348 3842 (menes,
369 3777 415 3826 sed
429 3791 493 3826 corr.
507 3786 535 3827 ut
548 3779 717 3835 sitnemea‚
736 3776 779 3825 W.
800 3771 1059 3839 MedeaBentinns)
1085 3773 1234 3826 OfPaulus
1295 3836 1301 3841 ,

120 3847 190 3896 Festi
215 3862 241 3912 p.
259 3845 293 3896 62
312 3845 346 3894 Μ.
373 3848 575 3912 ‘consiptum
599 3847 668 3912 apud
689 3847 799 3896 Ennium
818 3859 865 3911 pro
887 3853 1037 3911 conseptum
1056 3846 1200 3910 reperitur!

156 3917 180 3965 ll
204 3916 351 3965 Priscianus
364 3917 387 3965 V
403 3931 429 3981 p.
444 3916 496 3967 659
507 3919 536 3968 Ρ.
550 3913 575 3984 (Ι
589 3932 616 3982 p.
631 3914 681 3967 197
694 3914 740 3980 n.)
759 3915 816 3966 ‘hic
830 3912 932 3966 ethaeo
950 3923 974 3965 et
991 3914 1041 3965 hoc
1059 3930 1167 3981 pecus.
1185 3917 1235 3967 En-

163 4095 217 4151 333
239 4107 289 4148 cur
304 4089 373 4163 ch.
394 4089 524 4146 Oanwbr.
546 4092 591 4147 cui
607 4093 692 4147 ceteri
775 4059 839 4165 licet
859 4059 996 4168 quidquid
1018 4097 1061 4147 est
1081 4093 1170 4160 (corr.
1191 4105 1237 4147 ea-

123 4178 184 4233 dem
198 4180 251 4245 m.)
273 4175 352 4232 Vinci.
440 4179 493 4233 334
515 4176 673 4231 scisciderit
692 4175 799 4232 Carlsr.
818 4175 902 4248 Rea,
924 4177 975 4232 sed
990 4177 1010 4230 it
1023 4192 1061 4232 cx
1076 4181 1103 4230 at
1118 4190 1193 4229 corr.

166 4267 218 4322 335
240 4261 369 4333 consipta
389 4260 500 4317 Vossius
514 4275 552 4318 cx
565 4259 663 4317 Paulo.
679 4269 816 4334 concepta
837 4262 881 4317 W.
898 4267 1033 4332 consepta
1047 4260 1133 4316 ceteri
1145 4259 1209 4314 libri

166 4351 219 4409 336
240 4347 307 4402 uina
322 4346 473 4402 deteriores
488 4346 566 4403 codd.
581 4346 648 4404 uiuet
656 4347 744 4403 Beru.
760 4363 795 4402 m.
812 4346 859 4402 ult.
872 4361 948 4402 corr.
963 4347 1058 4402 uiuam
1070 4345 1141 4420 Bep.
1154 4342 1237 4422 Scap.
