2834 4988
589 400 819 456 ΕΝΝΙΑΝΑΕ
1140 410 1255 457 Lxxlll

145 575 251 646 postea
274 583 408 626 seorsum
427 565 621 626 abAutioc'ho
645 568 775 624 sensisse
798 566 926 640 uidetur,
946 567 1008 624 eius
1033 569 1075 624 rei
1097 567 1171 626 haud
1192 569 1254 628 scio

145 692 181 734 an
201 672 289 733 Gellii
311 673 438 731 narratio
461 672 486 730 V
506 673 524 730 5
547 674 686 733 rationem
708 673 848 750 quandam
869 671 1015 731 exhibeat.

232 779 314 840 llaec
340 778 376 838 de
401 778 472 837 belli
494 779 649 857 adparatu:
682 781 799 839 ehello
820 781 885 857 ipso
909 778 1018 837 residet
1044 780 1079 839 fr.
1102 780 1127 838 V
1150 793 1254 840 mutro-

121 905 199 972 *noe
227 904 336 946 moerim
357 890 494 960 complent
517 897 645 961 spretore
670 891 816 963 faucntcs:
846 888 926 945 cuius
955 905 1058 945 uersus
1089 887 1255 947 inlustrandi

146 994 222 1053 uiam
243 991 340 1052 Liuius
363 991 501 1051 XXXVII
523 990 563 1051 20
579 992 716 1051 ostendit.
763 992 833 1051 Cum
856 995 929 1051 euim
952 1013 977 1052 a.
1002 1012 1029 1051 u.
1054 1013 1079 1053 c.
1105 992 1166 1054 562
1183 995 1256 1070 regii

146 1100 277 1161 Seleuco
306 1100 381 1160 duce
409 1098 580 1176 Pergamum
608 1101 848 1159 circumsidentes
872 1108 1037 1177 contemptu
1060 1099 1255 1172 Achaeorum,

147 1209 195 1286 qui
215 1209 289 1266 intra
306 1209 420 1266 moenia
444 1226 478 1266 sc
502 1204 653 1280 tenebant,
678 1215 739 1265 toto
759 1209 866 1284 passim
890 1222 993 1283 caurpo
1013 1225 1047 1264 se
1068 1208 1256 1284 sparsissent,

148 1323 207 1373 tum
229 1312 399 1392 Diophanes
425 1315 594 1393 praelectus
620 1312 758 1390 praesidii
786 1313 937 1371 stationem
961 1312 1083 1371 hostium
1107 1315 1256 1390 inprouiso

148 1420 272 1480 luuadit:
301 1426 402 1481 coedes
424 1427 530 1498 possim
552 1424 675 1496 suqoquc
687 1439 744 1495 per
766 1439 879 1495 compos
898 1423 977 1495 suem
1004 1430 1052 1478 cst.
1096 1424 1257 1495 Diophanes

146 1537 256 1587 sectans
276 1532 382 1603 cfflrsos
402 1531 496 1603 quood
522 1537 606 1586 taurum
632 1531 703 1603 fuit,
731 1548 830 1602 moqno
858 1531 957 1585 decore
982 1534 1057 1603 penti
1083 1531 1256 1586 Aetnaeorum

144 1645 292 1708 parlo—
312 1645 576 1709 spectaueront
613 1641 703 1693 enr'm
738 1652 753 1691 c
780 1638 962 1693 moenibus
989 1639 1158 1710 Perqomi
1184 1656 1257 1694 mon

146 1746 224 1800 oiri
249 1745 345 1800 modo
371 1746 432 1800 scd
455 1744 614 1817 feminac
639 1746 746 1799 etium
767 1775 810 1784 —
835 1746 863 1798 in
887 1745 1060 1814 praesidium
1079 1743 1156 1798 urhr's
1178 1746 1256 1798 rerlr't.

234 1848 368 1922 Quarti
391 1847 523 1907 decimi
545 1846 696 1905 annalis
724 1847 885 1922 fragmenta
910 1846 984 1903 inter
1006 1845 1077 1902 (liras
1101 1844 1170 1904 licet
1193 1865 1255 1904 cum

148 1953 293 2013 Antiocho
316 1971 342 2013 a.
365 1971 393 2010 u.
417 1970 442 2010 c.
473 1951 534 2014 562
563 1954 731 2011 conrmissas
759 1969 871 2029 pugnas
894 1951 1009 2028 aequali
1033 1952 1096 2010 iere
1123 1954 1257 2028 portione

148 2039 340 2120 distribuere:
375 2059 501 2135 priorem
531 2058 598 2117 dIco
624 2059 755 2117 naualem
779 2058 814 2117 ad
837 2056 1025 2132 Myonnesum
1045 2057 1150 2129 lactarp
1173 2075 1256 2134 quam

147 2161 244 2222 Liuius
264 2161 402 2223 XXXVI}
422 2162 471 2223 29.
498 2164 538 2223 30
568 2165 716 2243 perhibet:
746 2166 820 2224 uude
843 2175 976 2242 quantum
1006 2165 1075 2222 satis
1097 2163 1193 2221 estad
1216 2165 1256 2220 in·

150 2269 297 2329 lustranda
318 2270 354 2329 lr.
371 2268 479 2329 i-lv
501 2271 575 2330 inire
595 2272 732 2348 scripsi·
757 2271 837 2349 Ergo
861 2271 1002 2331 Aemilius
1018 2268 1151 2344 Regillus
1173 2286 1256 2346 prae-

149 2385 195 2436 tor
217 2376 253 2437 ad
279 2375 416 2436 I'eiorum
438 2376 539 2435 urbem
557 2375 681 2435 classem
705 2378 873 2437 traduxerat
895 2387 923 2436 et
944 2382 1049 2452 rqrrssi
1069 2381 1164 2433 oritites
1185 2397 1243 2434 rrao

149 2494 246 2560 tueque
266 2494 332 2543 sutri
352 2487 390 2542 ed
414 2493 579 2543 commeatus
600 2496 626 2543 et
647 2492 740 2545 trinum
762 2493 883 2545 rrrner'nrc
909 2487 1083 2542 dirriclcncltoo
1104 2487 1133 2540 im
1155 2501 1257 2540 rrrrrtes:

149 2611 212 2651 earm
236 2595 324 2650 medio
346 2594 423 2667 forte
446 2595 501 2650 diei
521 2597 637 2666 aprestis
658 2596 769 2668 quidum
790 2598 829 2649 cul
846 2601 1006 2668 praetorem
1029 2593 1165 2647 (teletarchis
1186 2610 1258 2647 ruren-

150 2705 198 2757 tiat
218 2703 335 2757 alterum
362 2703 416 2755 icm
442 2701 512 2756 diem
534 2703 650 2757 classem
672 2707 748 2756 stare
773 2704 812 2756 orl
839 2702 957 2755 insutum
979 2698 1092 2755 Moerin
1113 2697 1167 2773 (llo
1190 2715 1257 2754 nau·

138 2805 197 2885 „tici
228 2813 334 2864 uocaui
363 2802 588 2884 Myonnesum),
617 2817 642 2863 et
672 2811 760 2883 perulo
788 2816 851 2863 eruc
877 2809 953 2861 m'sus
987 2808 1121 2877 qrrarsrlum
1154 2810 1260 2862 rnouerr'

151 2921 288 2986 umquam
316 2914 355 2969 ad
377 2913 580 2987 profceh'oocm
610 2930 696 2969 recures
724 2947 767 2954 -
793 2943 834 2952 —
866 2911 956 2987 primo
986 2913 1102 2967 lurlruh's
1135 2915 1258 2983 imperiis

150 3038 313 3078 concursum
334 3021 373 3076 od
393 3037 480 3077 noces
501 3030 554 3077 est.-
578 3017 644 3075 deiu
667 3016 790 3075 consilio
820 3034 854 3074 ac
882 3015 1033 3092 prudentia
1057 3013 1173 3072 Aemilii
1195 3016 1257 3072 siue

151 3125 344 3203 trepidatione
373 3141 463 3183 naues
490 3124 702 3182 conscendunt:
732 3129 919 3195 instructoque
947 3126 1036 3194 ories,
1065 3125 1140 3178 rrrlot
1159 3138 1257 3178 ceroc-

150 3240 212 3290 rcnt
230 3237 334 3306 reples,
352 3212 383 3290 io
400 3236 485 3291 cltum
503 3237 643 3307 processr't
663 3227 700 3304 (I.
723 3227 776 3305 II).
821 3234 891 3285 inter
916 3230 1097 3302 Myonnesum
1124 3235 1150 3283 et
1171 3229 1257 3301 Corp-

150 3356 211 3395 cum
220 3343 447 3410 promunturium
466 3346 561 3407 erant,
587 3356 647 3394 creor
669 3340 771 3394 hostem
789 3351 961 3409 eorrspcrcere
986 3330 1059 3410 (Ill)
1083 3366 1126 3377 ψ
1141 3338 1196 3390 torn
1218 3341 1256 3390 to-

151 3450 183 3502 tr’s
207 3448 291 3502 omui
317 3447 451 3502 classibus
477 3446 511 3500 oh
539 3447 613 3500 onrrri
628 3452 712 3517 porte
736 3461 832 3516 puqoo
856 3448 983 3499 conserto
1011 3451 1082 3498 erat.
1126 3439 1258 3499 Alterum

152 3549 229 3628 quod
247 3549 304 3608 huc
326 3550 451 3627 pertinet
465 3547 607 3627 proelium
631 3557 675 3607 est
695 3548 730 3607 ad
750 3547 928 3623 Magnesiam
947 3549 1141 3621 commissum,
1160 3546 1257 3624 quode

151 3653 246 3713 Liuius
276 3653 296 3712 l.
318 3654 338 3713 l.
370 3653 517 3714 39-44.
570 3654 624 3727 ou
654 3655 702 3713 ubi
726 3654 874 3714 Romanae
904 3655 978 3714 aciei
1007 3655 1135 3712 rationes
1166 3655 1258 3730 tangit

153 3761 226 3821 ‘duo
264 3761 342 3821 milia
376 3763 527 3820 mixtorum
557 3759 747 3820 Macedonum
783 3760 1043 3838 Thracumque,
1079 3763 1126 3838 qui
1155 3760 1256 3819 uolun-

151 3878 209 3929 tate
226 3870 320 3929 secuti
344 3876 460 3942 essent,
487 3869 632 3943 praesidio
654 3869 757 3927 castris
783 3866 904 3925 relictos
928 3871 1013 3925 esse'
1039 3875 1255 3926 commemorat.

151 3975 233 4038 Vnde
266 3976 386 4034 occasio
420 3973 571 4051 dispicitur
600 3993 656 4052 qua
683 3973 791 4033 Ennius
823 3976 948 4051 potuerit
971 3974 1080 4051 rumpia
1106 3974 1181 4049 quod
1205 3992 1256 4049 ge·

150 4099 203 4140 nus
225 4080 277 4140 teli
294 4079 427 4140 Thracas
449 4082 572 4139 nationis
592 4089 636 4138 est
657 4080 716 4158 (V)
734 4097 970 4139 commemorare.
1002 4077 1122 4139 Relicua
1146 4088 1256 4156 aperta.

151 4187 226 4246 hnte
250 4197 397 4247 certamen
421 4187 583 4246 cohortatio
607 4187 642 4246 ad
665 4186 770 4245 milites
801 4184 890 4264 (VI):
923 4187 1082 4261 insequitur
1114 4185 1257 4263 proelium

98 4379 103 4390 .
151 4293 249 4373 (VII).
294 4292 428 4374 Demque
456 4295 565 4355 fractus
593 4293 672 4353 bello
698 4293 859 4353 Antiochus
883 4292 1074 4352 calamitatem
1099 4308 1178 4349 suam
1206 4288 1255 4348 dc-
