2834 4988
137 384 196 433 cvr
528 368 840 441 ovuesurouus

140 547 260 618 propter
284 536 472 614 multiplicem
494 537 522 594 in
542 534 600 595 hoc
619 536 700 596 bello
722 534 906 595 Numidarum
931 534 1059 610 equitum
1083 550 1167 591 usum
1189 528 1244 610 (cl.

137 643 196 704 Liu.
214 641 282 701 XXI
304 640 354 701 29.
375 642 433 720 15)
457 658 514 700 non
536 659 612 718 nego
636 642 722 700 etiam
744 643 771 700 in
793 642 849 701 alia
872 649 954 719 parte
973 641 1036 699 eius
1059 638 1126 699 libri
1145 638 1245 701 baberi

139 749 281 827 potuisse.
325 745 407 805 llitto
436 748 616 808 nuncetiam
641 746 676 805 tr.
701 745 758 822 lx,
790 765 847 825 quo
874 747 947 806 inira
976 754 1118 806 reuertar.
1164 744 1245 817 Quae

140 855 303 913 certissimo
332 852 437 913 indicio
462 854 582 913 Ennium
609 852 680 911 illud
710 850 818 910 bellum
845 872 902 913 nec
930 853 1109 931 praeterisse
1131 850 1245 911 omnino

140 978 196 1018 nec
224 960 306 1017 nimis
334 978 423 1038 parce
450 969 593 1019 tractasse
621 958 792 1032 ostendunt,
823 959 897 1018 haec
919 959 975 1019 duo
995 968 1061 1019 sunt
1083 976 1100 1018 e
1122 957 1246 1035 septimo

140 1065 234 1125 annali
264 1065 359 1124 adlata
383 1065 545 1143 fragmenta
568 1063 647 1141 (til.
671 1062 772 1142 villu:
802 1063 905 1141 quibus
933 1075 963 1125 ut
986 1074 1120 1145 apertum
1142 1071 1189 1123 est
1209 1064 1246 1122 ita

140 1173 281 1231 neminem
304 1170 446 1232 editorum
467 1172 539 1249 lugit
568 1189 658 1229 naues
682 1171 804 1245 regendi
834 1172 991 1246 exercitia,
1019 1169 1117 1249 qualia
1139 1168 1204 1228 lere
1220 1167 1247 1225 in

142 1279 237 1338 limine
259 1277 330 1336 belli
354 1276 442 1336 rudes
463 1277 546 1336 liuius
566 1278 635 1335 artis
649 1275 770 1335 Romani
785 1276 983 1351 instituerunt,
1007 1275 1138 1353 depingi.
1177 1272 1248 1333 Rem

141 1392 171 1443 et
198 1381 346 1442 confirmat
374 1393 403 1442 et
426 1384 557 1443 inlustrat
576 1383 713 1458 Polybius
736 1383 748 1442 l
771 1381 807 1441 21
833 1383 870 1440 in.
898 1383 930 1443 oi
951 1377 984 1443 δὲ
1007 1370 1044 1441 τὰ
1068 1369 1248 1458 πληρώματα

142 1485 390 1566 συναθροίσαντες
424 1486 580 1549 ἐδίδασκον
603 1485 635 1547 ἕν
655 1491 691 1571 τῇ
713 1491 752 1570 γῇ
774 1492 958 1564 sumpturus
978 1477 1031 1547 τὸν
1054 1482 1168 1568 τρόπον
1183 1486 1248 1546 τοῦ·

141 1614 207 1653 τον·
238 1593 414 1666 καθίσαντες
436 1592 559 1653 ἐπὶτῶν
580 1594 710 1674 είρεσιῶν
734 1591 766 1652 ἕν
788 1597 824 1676 τῇ
850 1593 943 1679 χέρσῳ
964 1585 1033 1665 τοὺς
1058 1586 1172 1675 ἄνδρας
1194 1582 1250 1670 τὴν

143 1690 237 1778 αὐτὴν
257 1699 375 1778 ἔχοντας
392 1693 475 1775 τάξιν
493 1705 557 1772 ταῖς
571 1689 618 1759 ἐπ’
643 1690 817 1760 αὐτῶντῶν
830 1701 941 1760 πλοίων
958 1696 1139 1781 καθέδραις,
1161 1697 1248 1779 μέσον

144 1796 176 1865 δ’
200 1803 232 1866 ἐν
260 1796 360 1878 αὐτοῖς
388 1804 543 1883 στήσαντες
569 1795 621 1867 τὸν
649 1795 822 1884 κελευστὴν,
852 1800 914 1884 ἅμα
937 1801 1053 1880 πάντας
1076 1801 1250 1866 ἀναπίπτειν

143 1901 193 1989 ἐφ’
216 1903 323 1985 αὖτοὺς
344 1904 469 1990 ἄγοντας
490 1901 542 1982 τὰς
564 1915 660 1990 χεῖρας
688 1911 739 1972 καὶ
762 1907 854 1973 πάλιν
881 1908 1037 1993 προνεύειν
1067 1909 1250 1986 ἒξωθοῦτπας

143 2012 251 2091 ταύτας
270 2018 453 2094 συνείθιζον,
474 2009 619 2097 ἄρχεσθαί
639 2039 668 2077 τε
688 2017 738 2078 καί
756 2013 856 2098 λήγειν
877 2021 936 2077 τῶν
957 2011 1105 2096 κινήσεων
1122 2006 1198 2098 πρὸς
1214 2005 1248 2076 τα

143 2127 195 2185 τοῦ
211 2127 364 2185 κελευστοῦ
379 2121 617 2204 παραγγέλματα.
641 2124 749 2197 Quare
762 2125 840 2203 quod
853 2142 941 2202 supra
953 2125 1036 2200 tetigi
1047 2124 1108 2184 noli
1121 2125 1251 2186 dubitare

144 2229 256 2289 duobus
278 2230 341 2288 istis
366 2230 479 2288 tertium
505 2230 623 2289 adicere
645 2233 673 2291 id
694 2233 771 2309 quod
790 2232 848 2289 illis
863 2232 1022 2309 praeposui
1042 2231 1078 2291 ir.
1095 2228 1145 2295 Vl,
1179 2229 1251 2303 Quin

145 2354 182 2394 ex
203 2337 258 2395 hac
277 2334 360 2393 Ennii
381 2336 545 2393 narratione
566 2335 716 2412 Vergilius
741 2338 860 2397 colores
887 2334 1028 2414 quosdam
1053 2337 1082 2394 in
1102 2352 1184 2394 suam
1203 2334 1251 2394 ali·

145 2458 230 2518 quam
264 2438 461 2499 naumachiam
493 2440 671 2519 desumpsit,
704 2445 844 2523 siquidem
871 2443 991 2501 Seruius
1018 2441 1105 2501 Ennii
1131 2458 1251 2517 memor,

145 2554 175 2604 ut
196 2553 276 2622 puto,
298 2543 373 2603 Aen.
393 2543 419 2601 V
440 2544 496 2604 114
516 2544 589 2605 baec
605 2549 765 2608 adnotauit:
786 2554 893 2610 Punico
911 2553 978 2609 mtu
990 2555 1116 2625 murum
1136 2568 1252 2609 κονιατ-

144 2655 234 2709 eln'am
250 2655 288 2709 ad
301 2655 462 2708 exercitium
476 2657 614 2711 instituere
626 2659 747 2713 Ronrani
760 2664 924 2731 coeperunt:
940 2664 1086 2729 postquam
1096 2634 1255 2730 probarunt

145 2766 259 2816 exteras
274 2766 367 2832 pentes
383 2762 464 2813 etium
480 2762 577 2815 nauali
589 2767 740 2818 certamine
755 2768 906 2836 plurimum
922 2778 1021 2836 posse.-
1043 2765 1180 2836 adquam
1196 2778 1253 2819 rent

146 2869 174 2921 in
189 2867 241 2922 troc
255 2867 405 2922 certamine
420 2866 524 2919 adludit
537 2870 631 2936 poeta.
663 2863 743 2923 llaec
758 2867 845 2943 igitur
860 2865 963 2925 indicia
979 2882 1044 2924 cum
1058 2863 1182 2926 Ennium
1197 2867 1253 2947 pri·

145 2984 221 3025 mum
240 2966 349 3026 bellum
362 2967 497 3026 Punicum
510 2984 567 3025 non
587 2971 702 3029 omuino
720 2973 953 3048 praetermisisse
977 2971 1191 3050 persuadeant,
1214 2983 1253 3033 ta·

145 3092 222 3149 men,
235 3091 271 3132 ne
285 3070 391 3132 Cicero
407 3073 475 3131 nihil
491 3072 601 3132 dixisse
618 3075 758 3150 uideatur,
772 3077 841 3135 illud
857 3076 1011 3136 tenendum
1025 3086 1069 3136 est
1081 3078 1166 3138 huius
1183 3078 1252 3139 belli

146 3182 340 3239 narrationem
367 3198 431 3239 cum
460 3179 496 3238 ab
518 3180 582 3239 aliis
603 3178 692 3238 rebus
712 3188 769 3238 tum
788 3185 961 3258 praesertim
980 3203 996 3244 a
1019 3185 1150 3245 secundo
1174 3184 1252 3245 bello

146 3283 254 3344 Punico
267 3287 385 3344 multum
397 3283 539 3343 breuitate
553 3285 750 3362 discrepasse.
767 3285 871 3366 Neque
883 3288 941 3348 hoc
952 3291 990 3349 ita
1003 3288 1189 3369 inprobabile
1202 3297 1255 3352 est.

147 3389 259 3448 Etenim
280 3390 404 3468 aliquam
425 3388 489 3447 libri
511 3397 622 3465 partem
642 3390 740 3450 tribuit
762 3394 950 3472 prohoemio,
974 3398 1076 3475 inquo
1094 3410 1255 3474 nouparce

149 3494 247 3568 egisse
268 3493 359 3569 ipsius
379 3500 487 3570 poetae
511 3510 595 3568 quam
617 3494 684 3553 alibi
699 3498 796 3556 notaui
813 3497 953 3574 φιλαυτία
967 3500 1070 3576 arguit.
1104 3499 1255 3561 Nimirum

148 3597 205 3655 hoc
229 3598 306 3673 agit,
337 3606 367 3655 ut
396 3596 564 3656 obtrectans
584 3596 687 3659 Naeuii
712 3604 815 3680 poesi,
844 3620 928 3680 quam
951 3603 987 3662 ab
1008 3604 1070 3664 rudi
1093 3604 1256 3666 Faunorum

150 3710 235 3761 cantu
264 3701 327 3760 lere
355 3720 413 3760 non
441 3703 549 3762 distare
578 3706 744 3783 praedicat,
772 3727 823 3768 sua
846 3710 946 3768 merita
967 3709 1100 3770 laudibus
1123 3712 1256 3773 extollat.

149 3804 195 3871 Cl.
217 3805 413 3868 221-226:
446 3809 474 3867 iu
503 3809 606 3887 quibus
634 3812 712 3889 quod
742 3814 871 3873 editores
900 3812 973 3872 haec
999 3832 1075 3893 quae
1106 3826 1172 3878 sunt
1195 3828 1257 3879 unte

148 3917 222 3971 bunc
249 3910 370 3970 Ennium
398 3931 455 3994 npn
486 3914 522 3974 de
552 3934 584 3974 se
616 3916 668 3975 sed
696 3916 733 3975 de
756 3916 869 3976 Naeuio
901 3919 1008 3978 ellerre
1042 3923 1151 3999 opinati
1181 3933 1255 4001 suut,

150 4013 325 4075 Ciceronem
352 4016 429 4075 Brut.
457 4017 512 4093 18,
540 4021 577 4080 71
609 4022 710 4080 nescio
734 4039 819 4099 quam
841 4023 1036 4100 incogitanter
1057 4029 1256 4108 inspexerunt.

110 4180 114 4189 ,
150 4120 295 4181 Gloriatur
324 4131 417 4180 autem
438 4123 546 4182 Ennius
576 4134 605 4183 et
630 4126 693 4184 iure
721 4125 881 4202 gloriatur,
912 4130 991 4207 quod
1016 4134 1124 4209 primus
1147 4135 1255 4197 beroos

150 4244 252 4289 uersus
277 4244 350 4307 quos
380 4233 473 4305 tenpus
502 4229 610 4306 (utrum
635 4231 692 4291 hoc
718 4251 792 4292 nexu
822 4251 857 4293 an
880 4235 949 4295 alibi
969 4254 1026 4295 non
1047 4237 1168 4316 dirimo,
1201 4243 1255 4303 inc.
