2834 4988
525 368 776 427 saturano
947 330 952 339 ¹
1158 383 1209 445 su

96 530 222 614 studio,
250 551 346 619 quam
369 552 387 594 e
408 530 548 595 uictoria
569 528 759 617 sperabam,
786 529 968 614 detinente,
1001 531 1063 599 hoc
1085 554 1147 619 ego
1174 536 1210 601 in
1270 572 1273 577 ·

96 673 149 715 me
179 650 310 737 suscepi
339 647 712 736 certanduperieulum.
762 648 833 715 Nec
858 648 978 733 defuit,
1008 673 1072 738 quo
1094 651 1129 718 id
1154 652 1228 719 lit-s

42 801 46 817 ·
96 751 257 835 terarium
291 775 456 835 certamen
484 768 562 834 iusti
590 767 777 833 certaminis
805 768 912 834 simile
939 770 1060 853 exiret,
1094 770 1130 835 in
1156 793 1209 837 eo·

98 889 174 954 dem
200 887 307 954 stadio
335 885 512 953 decurrens
544 895 763 969 concertator,
799 908 883 951 unus
911 887 1058 974 quidem,
1093 889 1152 955 sed
1181 890 1211 955 is

99 1006 222 1094 duplici
254 1006 375 1071 uirium
406 1006 599 1092 pernicitate
637 1007 826 1071 instructus.
879 1003 986 1071 cho
1021 1007 1211 1077 hannem

99 1126 186 1191 enim
207 1132 241 1189 et
262 1122 480 1190 Tnnoooavs
502 1123 657 1205 Hvsrvs,
677 1125 854 1189 amicorum
871 1145 931 1211 par
951 1146 1017 1192 non
1037 1129 1143 1213 magis
1164 1130 1212 1194 in·

99 1253 150 1310 ter
171 1267 208 1310 se
232 1266 331 1332 quam
353 1243 434 1308 mihi
453 1243 656 1327 deuinctum,
684 1265 758 1309 cum
779 1242 821 1308 ab
848 1243 941 1309 initio
963 1266 1054 1312 suam
1074 1255 1212 1334 uterque

103 1365 188 1430 uiam
212 1363 378 1452 persecuti
406 1362 551 1428 eiusdem
570 1363 728 1431 uictoriae
748 1363 879 1429 laudern
900 1364 1107 1451 adpeterent,
1135 1389 1214 1433 mox

101 1485 207 1567 ueriti,
227 1505 269 1549 ne
280 1492 396 1555 neuter
416 1482 593 1565 attingeret
614 1481 747 1565 calcem,
767 1482 939 1548 conferunt
960 1506 1039 1571 opes
1061 1494 1094 1551 et
1111 1486 1213 1551 unitis

98 1600 226 1668 uiribus
260 1602 304 1668 ad
329 1603 531 1690 propositum
563 1599 661 1664 finem
690 1599 905 1666 contendunt:
947 1602 1035 1688 quod
1066 1603 1115 1669 illi
1145 1627 1213 1671 non

98 1730 185 1787 tecte
205 1729 263 1786 aut
284 1721 478 1788 insidiarum
499 1720 603 1785 instar
623 1726 778 1805 egerunt,
801 1718 860 1785 sed
882 1728 919 1786 ut
937 1731 1115 1789 certatores
1136 1744 1211 1788 can·

99 1839 170 1904 didi
196 1847 228 1905 et
255 1862 381 1905 mecum
403 1839 681 1921 communicarunt
701 1837 873 1904 consilium
899 1846 932 1902 et
953 1840 1061 1906 ordini
1086 1843 1135 1907 rei
1164 1843 1212 1907 in·

100 1959 251 2024 stitutum
276 1960 362 2025 omni
389 1958 454 2023 fide
483 1958 626 2024 confessi
647 1966 734 2024 sunt.
777 1956 892 2045 Itaque
918 1959 999 2025 ordo
1029 1982 1212 2045 agnoscens

101 2084 254 2167 neutram
273 2099 338 2143 non
358 2077 492 2163 dignam
514 2099 586 2142 esse
606 2077 745 2142 uictoria
766 2075 1036 2164 disputationem,
1057 2079 1137 2144 mihi
1142 2129 1153 2163 ,
1176 2090 1214 2147 ut

101 2197 159 2283 qui
190 2203 293 2261 ‘unus
320 2197 525 2262 coniunctam
547 2197 685 2262 duorum
711 2217 843 2283 operam
871 2197 1114 2284 aequauerim',
1144 2199 1212 2285 pal·

100 2337 189 2380 mam
217 2313 381 2399 attribuit,
415 2317 643 2402 competitores
672 2323 781 2380 autem
807 2336 897 2380 meos
913 2316 1075 2403 <¹proxime
1105 2338 1214 2383 acces·

101 2436 183 2501 sisae
211 2434 254 2500 ad
279 2418 451 2501 uictoriam
479 2434 646 2500 iudicauit.
689 2435 798 2521 Atque
824 2433 954 2500 illorum
979 2455 1097 2521 operae
1124 2435 1213 2501 lucu·

104 2553 189 2619 lenta
218 2554 397 2640 specimina
424 2562 569 2635 exstant,
598 2552 735 2637 Ilbergii
756 2552 797 2618 de
818 2554 923 2640 primo
950 2553 1078 2637 annali,
1109 2553 1214 2641 Hugii

105 2673 141 2739 de
163 2673 320 2761 septimo,
341 2682 474 2758 octauo,
502 2646 589 2739 nono
610 2673 815 2758 conscriptae
834 2672 1091 2738 dissertationes.
1136 2673 1213 2761 Ipse
1249 2718 1265 2751 .-

104 2792 163 2859 sub
202 2793 291 2859 idem
332 2791 404 2858 fere
443 2800 570 2879 tempus
611 2790 703 2877 quasi
748 2789 923 2876 prodromo
968 2792 1213 2878 quaestionibus
1249 2764 1254 2773 Ι

103 2913 263 2978 Ennianis
288 2912 417 2993 emissis
445 2911 488 2977 ad
516 2910 692 2976 editionem
718 2907 884 2973 annalium
910 2909 1071 2995 integram
1097 2934 1213 2999 paran-

103 3031 177 3096 dam
198 3032 340 3114 accessi,
368 3031 510 3095 maxime
532 3029 721 3093 Fsmsmcl
742 3027 965 3112 Rluscflnnn,
991 3034 1213 3118 praeceptoris

104 3149 276 3234 insigniter
300 3150 340 3215 de
362 3170 415 3215 me
441 3148 565 3230 meriti,
592 3146 784 3226 auctoritate
806 3145 983 3212 adductus:
1021 3151 1115 3214 cuius
1142 3172 1214 3214 sen-

104 3269 224 3335 tentiae
251 3270 478 3356 competitores
500 3266 600 3347 facile
626 3263 905 3351 obtemperantes,
934 3288 1018 3352 quae
1044 3266 1086 3333 de
1104 3267 1214 3336 Ennio

102 3389 310 3453 commentati
338 3396 443 3471 erant,
475 3409 582 3452 meum
604 3386 639 3449 in
661 3406 756 3450 usum
783 3385 1023 3451 commiserunt.
1068 3385 1215 3468 Quorum

103 3507 245 3573 acumini
266 3515 422 3593 quantum
447 3507 622 3594 praecipue
644 3503 808 3569 annalium
831 3513 864 3570 et
885 3486 1068 3572 emendatio
1096 3516 1128 3573 et
1149 3508 1215 3575 dis·

101 3628 221 3715 positio
249 3625 384 3708 debeat,
420 3627 566 3713 ipsorum
595 3622 781 3690 nominibus
813 3644 853 3688 ea
884 3623 966 3707 fide,
1002 3647 1085 3712 quae
1120 3626 1216 3694 decet

102 3746 245 3812 maxime
264 3743 482 3832 philologum,
506 3743 653 3809 distinxi.

188 3863 254 3930 Sed
275 3887 318 3930 ne
339 3864 559 3961 sicquidem,
588 3863 652 3927 nisi
671 3863 888 3928 accessissent
909 3860 989 3944 alia,
1020 3863 1121 3937 Ennii
1148 3866 1215 3931 edi-

103 3986 224 4067 tionem
251 3983 372 4050 licebat
399 4004 486 4066 cam,
514 4004 597 4069 quae
621 3982 754 4046 etmihi
779 3989 811 4047 et
835 3982 952 4047 ceteris
975 3983 1054 4047 satis
1080 3982 1213 4068 faceret,

103 4100 284 4171 instituere.
340 4100 466 4182 Quotus
499 4102 585 4166 enim
613 4101 750 4197 quisque
769 4124 888 4168 eorum
911 4104 1119 4189 scriptorum,
1158 4105 1214 4190 qui

103 4245 169 4287 non
191 4221 294 4309 dapes
317 4224 467 4307 opiparas
490 4219 549 4291 sed
569 4220 674 4285 frusta
689 4220 815 4286 minuta
832 4243 930 4307 saepe
955 4229 986 4287 et
1007 4231 1115 4286 tamen
1136 4244 1214 4286 cara

104 4343 205 4428 prisci
224 4340 312 4409 uatis
332 4339 517 4428 adponant,
546 4338 642 4409 bodie
661 4340 709 4405 eis
731 4343 811 4407 artis
835 4342 967 4407 criticae
990 4340 1213 4417 instrumentis
