2834 4988
139 408 199 453 ων
541 391 854 461 Qt'httsttorttts

139 562 266 637 Pyrrhus
293 560 362 619 dicit
388 561 452 618 siue
474 556 597 631 cineas,
628 559 778 616 uictoriam
801 557 915 616 scilieet
936 555 1166 617 Heracleensem
1193 573 1251 615 non

139 669 231 728 fnisse
255 667 422 738 uictoriam,
446 665 579 742 qnoniam
601 662 722 722 llonrani
739 683 772 723 se
791 666 886 722 uictos
907 682 965 722 non
987 663 1156 722 faterentur.

225 771 327 830 Asculi
353 789 478 849 pugnarn
502 789 585 829 unum
607 768 750 845 signilieat
775 769 909 828 indicium
932 769 969 828 de
991 768 1102 842 Decio,
1131 777 1162 827 ut
1182 770 1250 829 mihi

62 918 68 927 ·
141 882 234 939 uisum
255 887 316 952 est,
343 885 468 954 nepote,
499 877 546 951 qui
570 874 646 952 apud
662 874 783 933 Ennium
810 878 900 954 patris
922 877 1027 954 auique
1044 875 1183 954 exemplo
1206 875 1251 935 dis

141 986 271 1046 manibus
299 1003 332 1043 se
363 982 525 1042 deuouerit.
571 981 663 1054 Quam
692 999 753 1039 rem
780 992 878 1041 notum
905 990 951 1039 est
977 1001 994 1041 a
1017 981 1098 1041 nullo
1125 983 1249 1060 scripto·

143 1090 351 1148 rememorari
380 1098 498 1168 praeter
520 1085 695 1146 Ciceronem
720 1086 823 1163 (Tusa.
842 1086 856 1146 l
876 1085 935 1161 37,
959 1086 1009 1146 so.
1032 1088 1069 1148 de
1092 1089 1140 1147 bn.
1166 1088 1196 1147 b.
1220 1096 1250 1147 et

143 1213 178 1252 m.
197 1193 223 1252 ll
242 1194 296 1269 to,
320 1196 370 1256 61:
388 1196 426 1255 ci.
450 1193 641 1254 Freinshemii
661 1193 812 1272 supplem.
834 1192 905 1251 Liuii
921 1191 962 1251 lll
978 1192 1051 1272 42);
1076 1214 1163 1272 quem
1181 1193 1248 1254 llio·

142 1300 259 1360 buhrius
281 1301 353 1360 llist.
375 1302 458 1361 llom.
476 1301 515 1361 lll
538 1299 600 1359 592
624 1318 764 1378 perquam
784 1297 976 1376 probabiliter
998 1318 1062 1359 eam
1083 1304 1249 1362 memoriam

142 1406 277 1465 exEnnii
299 1409 451 1468 annalibus
473 1409 605 1468 hausisse
626 1406 789 1466 arbitratur.
828 1404 866 1462 l't
881 1404 952 1464 nihil
967 1406 1067 1465 obstet
1085 1409 1249 1483 quominus

142 1510 193 1570 has
214 1530 321 1589 preces
342 1532 415 1591 quas
436 1514 470 1572 ir.
492 1513 587 1573 Xl'lll
610 1513 701 1573 refert
723 1512 808 1571 Decii
829 1529 897 1570 esse
916 1513 1121 1572 existimemus.

227 1618 350 1678 Restant
371 1621 424 1679 tria
443 1621 603 1696 fragmenta
623 1618 718 1695 (titt.
742 1618 806 1678 llll
829 1616 930 1696 titt),
952 1619 1107 1696 quaesere
1124 1638 1182 1679 non
1199 1622 1248 1682 dn·

142 1724 203 1783 bito
227 1728 294 1803 quin
317 1743 333 1783 e
353 1725 490 1784 rebusad
507 1725 702 1785 Beneuentum
718 1727 811 1802 gestis
826 1724 998 1802 deprompta
1015 1725 1082 1783 sint.
1117 1727 1161 1787 lta
1175 1729 1248 1787 eninr

143 1827 314 1888 Plutarchus
329 1830 365 1890 de
380 1830 490 1905 Pyrrho
507 1833 542 1890 ad
561 1841 656 1891 eastra
671 1831 800 1890 Romana
815 1829 1023 1908 proticiscente
1040 1847 1069 1888 o.
1084 1831 1141 1891 25:
1164 1827 1249 1894 σπεύ-

143 1932 205 1991 dorv
226 1919 282 1992 οὖν
303 1926 318 1994 d
334 1929 456 2016 Πύρρος
477 1935 637 1998 ἐπιθέσθαι
651 1931 774 2009 τούτοις,
795 1934 867 2015 πρὶν
881 1934 1010 2006 ἐκείνους
1027 1924 1175 2013 ἐπελθεῖν,
1195 1929 1249 1997 ἇν-

142 2038 215 2116 δρας
238 2060 268 2098 τε
295 2031 363 2114 τοῦς
392 2043 562 2122 κρατίστους
587 2042 639 2102 καὶ
665 2046 725 2102 τῶν
744 2043 862 2121 θηρίων
882 2031 919 2100 td
940 2034 1130 2119 μαχιμώτατα
1151 2033 1250 2121 λαβὼν

143 2165 281 2216 νοιιτος
301 2138 470 2225 ὥρμησεν
490 2139 552 2210 ἐπὶ
579 2139 619 2209 τὸ
640 2141 906 2228 στρατόπεδον.
948 2139 1090 2228 περιϊόντι
1115 2144 1148 2206 δὲ
1169 2137 1249 2231 αὐτῷ

143 2243 264 2328 μακρὰν
289 2249 340 2310 καὶ
368 2247 594 2327 tauribolium
619 2245 692 2317 ὁδὸν
717 2246 787 2315 οὖσι
816 2244 970 2331 ἀντέσχε
998 2242 1040 2312 ad
1063 2254 1167 2329 φῶτα
1200 2248 1250 2312 καὶ

142 2346 253 2414 πλάναι
285 2360 346 2429 τοῖς
373 2354 563 2439 στρατιώταις
588 2360 761 2438 συνέτυχον·
795 2357 845 2418 καὶ
871 2357 939 2439 περὶ
970 2361 1063 2419 ταῦτα
1094 2356 1250 2438 γινομένης

144 2458 297 2537 διατριβῆς
318 2453 339 2539 ἦ
363 2485 400 2523 τε
424 2456 490 2540 νὺξ
510 2464 659 2527 ἐπέλιπε
681 2463 742 2524 καὶ
758 2448 1042 2542 καταφανὴςῆν
1054 2455 1116 2541 ἅμ’
1133 2455 1250 2548 ἡμέρᾳ

144 2568 225 2635 τοῖς
251 2570 449 2645 πολεμίοις
470 2561 724 2652 ἐπερχόμενος
746 2560 820 2630 ἀπὸ
838 2573 911 2629 τῶν
933 2563 1074 2650 dispono,
1102 2562 1176 2630 ὥστε
1194 2566 1249 2632 θό-

145 2671 238 2749 ρυβον
259 2664 354 2733 πολὺν
375 2673 426 2733 καὶ
452 2678 569 2753 κίνησιν
586 2679 756 2753 παρασχεῖν.
802 2674 847 2735 Cl.
869 2675 1046 2737 Niebuhrins
1066 2676 1142 2736 llist.
1165 2676 1248 2736 llom.

144 2776 184 2836 lll
206 2776 275 2840 608.
320 2778 354 2837 Ei
374 2778 520 2839 Plutarchi
537 2782 692 2838 narrationi
709 2798 767 2838 non
783 2781 880 2842 habeo
898 2784 976 2861 qnod
994 2783 1029 2844 ad
1048 2783 1248 2843 commendan-

145 2884 208 2942 dam
234 2884 348 2943 illorum
370 2903 507 2943 uersuum
538 2885 770 2943 conlocationem
799 2897 847 2945 aut
876 2906 994 2947 sensnm
1024 2905 1124 2947 eornm
1154 2889 1248 2968 aperi·

144 2988 246 3048 endum
284 2990 416 3048 adiciam.
474 2987 505 3046 ln
538 2998 670 3047 extremo
703 2988 777 3048 libro
808 2991 887 3050 illam
924 3012 941 3051 a
970 2991 1114 3052 Cicerone
1148 2994 1186 3054 de
1216 3012 1248 3053 re

144 3094 260 3171 publica
287 3093 328 3153 lll
355 3094 390 3168 3,
423 3094 595 3155 titraditam
621 3094 664 3153 bl'
695 3094 774 3154 Curii
802 3095 916 3156 landem
940 3100 1089 3175 egregiam
1115 3101 1248 3179 adposui,

143 3218 199 3259 non
226 3199 448 3280 inprobabiliter
475 3203 597 3278 opinor,
626 3203 651 3260 si
680 3221 776 3261 rernm
806 3203 832 3259 in
861 3212 992 3261 extremo
1020 3205 1143 3264 maxime
1168 3205 1248 3265 bello

143 3325 159 3365 a
183 3305 271 3365 Curio
293 3314 440 3382 gestarum
463 3315 491 3364 et
513 3305 675 3364 ubertatem
698 3316 727 3365 et
746 3308 938 3382 granditatem
961 3309 1114 3385 respicias.
1159 3310 1249 3371 Extu-

144 3412 210 3471 lerit
238 3413 324 3487 igitur
350 3412 428 3470 illurn
452 3429 568 3469 uersum
591 3411 699 3469 Ennius
722 3414 769 3471 uel
793 3414 820 3471 in
844 3412 1007 3473 enarrando
1030 3414 1165 3493 triumphi
1187 3417 1249 3475 eins

144 3533 201 3592 quo
225 3521 300 3573 ‘non
325 3515 473 3593 pulchrior
493 3515 568 3573 nllus
587 3525 634 3574 aut
656 3519 820 3594 speciosior
843 3521 871 3577 in
891 3517 991 3576 urbem
1010 3519 1142 3577 intrauit’
1165 3518 1248 3595 (Flo-

144 3638 192 3678 rus
210 3619 289 3696 Epit.
305 3619 318 3678 l
336 3618 373 3677 13
398 3638 426 3696 p.
444 3619 483 3679 25
500 3620 599 3699 Jahn.)
622 3623 780 3700 splendore
801 3644 836 3683 ac
858 3624 1082 3701 magnificentia.
1118 3625 1165 3685 Ao
1183 3625 1249 3687 dum

144 3726 269 3783 uirorum
298 3726 345 3801 qui
375 3723 432 3782 hoo
458 3724 537 3783 bello
566 3726 730 3786 claruerunt
757 3739 814 3789 tam
838 3730 915 3789 domi
940 3729 1145 3807 praestantiam
1164 3748 1248 3807 quam

142 3829 260 3888 militiae
287 3831 419 3888 uirtutem
447 3829 584 3891 aduerto:
620 3834 668 3892 uel
701 3833 827 3894 Fabricii
858 3838 1038 3911 memineris,
1076 3837 1144 3911 ‘qni
1176 3836 1248 3896 dilli-

144 3933 226 3992 cilios
262 3934 298 3994 ab
339 3936 441 3994 itinere
477 3937 543 3996 iusti
583 3949 611 3998 et
650 3940 764 3998 honesti
807 3960 891 4019 quam
928 3961 944 4001 a
981 3959 1067 4000 cursu
1104 3957 1158 3999 sno
1202 3940 1249 4000 sol

143 4038 234 4096 auerti
264 4040 373 4116 potuit'
401 4051 429 4101 et
458 4044 519 4101 eius
541 4064 620 4118 quem
641 4065 719 4104 rremo
738 4051 819 4120 [erro
843 4066 894 4106 uec
915 4069 985 4106 οανο
1006 4065 1146 4123 superare
1160 4052 1251 4122 potuit

143 4141 338 4221 aliorumque:
371 4148 504 4207 ‘illorum
529 4156 689 4225 temporum
718 4153 848 4226 speciem
877 4151 1030 4228 amplexus
1052 4153 1146 4211 animo
1167 4152 1247 4212 uide·

142 4254 187 4304 tur
215 4255 319 4327 polita,
347 4270 410 4310 oum
439 4258 559 4312 moribus
583 4260 703 4329 uirisque
730 4261 848 4330 oanrtis
875 4274 934 4314 rem
962 4261 1119 4317 Romanam
1143 4265 1248 4319 νίσσετο
