2834 4988
139 384 212 430 xLll
529 372 842 441 QVAESTIONES

138 558 192 598 nae
210 538 373 599 Latinorum
395 549 498 616 gentes
522 539 663 613 dicantur,
688 556 759 616 quas
782 537 822 596 illi
848 547 948 597 contra
970 536 1157 617 Tarquinium
1186 538 1246 599 bel·

138 646 222 706 laturi
246 647 426 705 asciuerant:
454 644 530 704 conl.
555 643 697 719 Dionysio
724 642 816 704 Halic.
847 644 944 723 Antiq.
977 643 1059 704 Rom.
1083 644 1123 705 lll
1152 646 1190 705 51
1217 665 1244 726 p.

139 753 201 811 550
225 752 325 823 Reisk.
349 755 497 811 Λατῖνοι.
522 795 528 808 .
553 795 560 809 .
584 747 769 828 ἐψηφίσαντο
789 744 845 835 τήν
869 771 899 810 ss
925 749 1037 814 οἰκείαν
1064 749 1196 833 δύναμιν
1218 751 1246 830 ἐξ

139 849 255 936 ἁπάσης
277 852 388 929 πόλεως
420 846 544 936 ἐξάγειν,
574 855 638 916 καὶ
665 860 737 918 τῶν
763 851 1033 940 πλησιοχώρων
1055 857 1182 920 ἐθνῶν
1204 852 1247 920 sd

139 957 321 1045 κράτιστα
345 965 591 1042 παρακαλεῖν.

224 1071 366 1131 Etruriam
391 1070 527 1129 Romanis
546 1068 633 1146 plene
661 1068 808 1129 subactam
838 1072 944 1132 cecinit
972 1079 1076 1150 poeta,
1108 1079 1139 1130 ut
1164 1090 1182 1131 e
1210 1071 1244 1131 lr.

139 1179 178 1239 Vl
200 1179 365 1256 conligitur.
411 1175 494 1250 Quod
518 1174 633 1253 quidem
654 1193 711 1234 non
734 1175 854 1238 Romani
878 1178 960 1238 ducis
982 1177 1072 1237 uerba
1101 1180 1244 1238 continet:

137 1288 222 1345 immo
243 1287 281 1346 ita
299 1284 488 1344 Etruscorum
512 1283 649 1360 princeps
679 1282 785 1342 milites
812 1301 882 1343 suos
920 1294 1042 1363 propter
1064 1285 1246 1345 inminentem

137 1392 271 1452 Etruriae
295 1394 403 1451 ruinam
436 1389 581 1449 adhortari
605 1389 728 1450 uidetur.
775 1389 812 1448 At
839 1389 896 1449 boc
919 1388 1107 1450 Etruscorum
1139 1391 1246 1452 bellum

138 1499 245 1559 Ennius
258 1498 454 1576 Tarquinione
477 1515 512 1555 an
530 1497 635 1555 Seruio
649 1495 744 1555 Tullio
764 1496 944 1574 ascripserit,
963 1496 1127 1557 obscurum.
1152 1497 1246 1557 Linins

139 1606 254 1684 quidem
278 1603 460 1681 Tarquinium
485 1622 548 1662 oum
570 1601 703 1661 Etruscis
726 1602 912 1661 contendisse
931 1619 988 1661 non
1009 1604 1109 1664 tradit:
1139 1605 1245 1680 Diony·

139 1714 199 1770 sius
223 1719 318 1770 autem
342 1709 434 1770 Halic.
459 1708 557 1768 71159
580 1727 608 1787 p.
633 1709 694 1769 565
717 1708 818 1768 Reisk.
845 1707 987 1768 Etruscos
1008 1711 1176 1788 complures
1199 1730 1246 1771 an·

138 1835 192 1876 nos
210 1826 312 1876 contra
335 1814 519 1894 Tarquinium
548 1815 655 1875 bellum
682 1816 814 1893 gessisse
841 1824 953 1891 narrat,
982 1835 1017 1875 ac
1040 1817 1156 1877 tandem
1182 1835 1245 1895 gra·

140 1926 258 1983 uissimo
280 1923 394 2002 proelio
419 1923 453 1983 ad
478 1922 578 1982 urbem
602 1921 720 1981 Eretum
747 1921 903 1980 infeliciter
925 1925 1079 1982 commisso
1109 1925 1136 1981 in
1165 1924 1247 1984 ditio·

138 2048 203 2089 nem
223 2029 417 2089 Romanorum
447 2047 479 2089 se
510 2028 673 2089 tradidisse.
718 2028 799 2088 llanc
825 2029 1008 2103 memoriam,
1041 2031 1069 2088 in
1098 2047 1154 2109 qua
1186 2048 1248 2089 cum

138 2138 279 2212 Dionysio
318 2137 501 2198 consentiunt
533 2134 638 2193 Florus
672 2133 684 2193 l
719 2134 749 2208 5,
785 2133 803 2191 5
837 2143 867 2193 et
900 2133 1022 2194 Orosius
1052 2135 1094 2212 ll,
1133 2137 1152 2196 4
1187 2137 1246 2214 (cl.

139 2244 346 2321 Schweglerus
374 2243 445 2306 Hist.
479 2242 561 2300 Rom.
591 2239 604 2299 l
633 2241 728 2318 671),
764 2240 789 2297 si
818 2239 927 2299 Ennius
953 2251 1072 2302 secutus
1102 2245 1157 2319 sit,
1193 2244 1248 2304 boc

139 2351 282 2428 proelium
310 2360 405 2428 aptam
435 2348 567 2407 uideatur
592 2347 633 2406 illi
664 2348 761 2405 uersui
793 2348 978 2406 occasionem
1008 2347 1088 2409 dare.
1141 2349 1247 2410 Verum

138 2457 212 2515 idem
235 2455 392 2529 Dionysius
415 2453 453 2512 lV
476 2453 515 2512 27
544 2471 571 2531 p.
600 2453 659 2511 707
687 2451 788 2511 Reisk.
816 2452 990 2532 longinqua,
1021 2474 1096 2534 quae
1127 2458 1247 2516 Seruius

139 2563 251 2622 Tullius
276 2571 376 2621 contra
388 2559 530 2619 Etruscos
553 2561 691 2636 gesserit,
710 2558 788 2618 bella
810 2569 941 2618 enarrat:
963 2560 1059 2621 Liuius
1080 2561 1248 2623 142unum
1287 2608 1290 2615 f

140 2670 235 2728 Seruii
252 2662 329 2727 ‘oum
351 2667 524 2726 Veientibus
542 2667 665 2744 aliisque
687 2664 829 2725 Etruscis'
852 2664 960 2727 bellurn
977 2668 1081 2729 leuiter
1099 2678 1248 2746 memorat,

139 2795 156 2835 e
174 2767 321 2854 quo‘iuso
340 2775 448 2851 ingenti
463 2773 588 2832 hostium
606 2774 746 2833 exereitu'
764 2774 859 2832 uictor
870 2792 905 2834 ac
920 2793 972 2833 rex
986 2774 1104 2834 Romam
1118 2777 1246 2837 redierit.

140 2883 269 2942 Tertium
289 2882 414 2959 denique
438 2881 629 2956 fragmentum
653 2879 738 2958 (Vll)
762 2882 868 2940 nonin
896 2884 979 2940 unius
1008 2900 1124 2961 pugnae
1152 2901 1247 2943 narra·

140 2991 247 3048 tionem
267 2989 410 3067 quadrare
431 2994 561 3065 apertum
585 2994 640 3045 est.

223 3093 268 3153 De
281 3094 412 3153 Seruio
425 3093 472 3152 Tu
483 3093 490 3152 l
501 3093 548 3152 lio
566 3099 676 3152 restant
688 3094 802 3150 omnino
816 3093 872 3153 duo
880 3094 1028 3168 uersiculi,
1041 3111 1163 3172 quorum
1176 3096 1250 3156 alter

143 3199 201 3279 (X)
226 3210 254 3260 et
278 3201 472 3276 integritatem
485 3209 515 3259 et
527 3202 682 3260 certiorem
694 3199 793 3258 sedem
805 3196 918 3258 Martini
934 3199 1042 3258 Hertrii
1056 3202 1249 3262 emendationi

140 3307 238 3382 debet,
254 3308 348 3367 altero
362 3306 434 3386 (xl)
448 3306 558 3367 Dianae
571 3308 708 3386 templum
721 3306 825 3366 Seruio
838 3315 958 3365 anctore
971 3325 986 3365 a
999 3305 1107 3366 Latinis
1119 3325 1174 3367 una
1187 3326 1249 3367 cum

141 3412 277 3471 Romanis
302 3411 412 3472 Romae
435 3413 541 3472 lactum
564 3415 719 3490 signilicari
741 3411 808 3472 mibi
832 3412 961 3489 uidetur,
984 3422 1013 3471 ut
1041 3412 1196 3472 uidebatur
1214 3413 1249 3473 ll·

140 3519 256 3596 bergio,
280 3519 357 3578 conl.
380 3518 603 3583 maximebiuio
624 3519 637 3579 l
659 3521 699 3579 45
717 3529 799 3579 auctu
821 3525 929 3580 ciuitate
955 3525 1140 3597 mupuiludiuc
1166 3525 1250 3592 urbe,

139 3631 270 3702 formatis
283 3612 494 3686 omuibecs'domi
510 3637 535 3685 et
555 3631 594 3686 ed
606 3631 675 3686 ,betti
687 3636 713 3686 et
734 3630 773 3684 ad
783 3633 867 3702 puer's
888 3647 963 3701 usur,
980 3648 1014 3688 ue
1032 3647 1143 3705 semper
1164 3635 1251 3688 armis

140 3753 207 3810 opes
228 3739 449 3809 acquirerentur,
467 3738 580 3794 consilio
601 3752 704 3810 cupere
724 3740 870 3809 imperium
897 3746 1011 3794 eouutue
1036 3744 1089 3805 est,
1118 3740 1206 3795 simul
1227 3743 1251 3792 et

142 3844 253 3916 aliquod
273 3844 378 3898 addere
399 3842 463 3898 urbi
483 3845 567 3900 decus
591 3884 597 3897 .
624 3884 630 3898 .
652 3884 658 3896 .
682 3857 767 3916 saepe
786 3845 912 3901 iterando
934 3846 1028 3901 eudem
1046 3848 1172 3917 perpulit
1189 3852 1251 3902 tun-

143 3951 213 4020 dam,
233 3956 265 4004 ut
284 3949 391 4004 Romae
408 3948 509 4022 funum
531 3951 642 4006 Dianae
667 3951 766 4022 populi
788 3950 881 4005 Latini
904 3967 966 4006 oum
988 3953 1092 4023 populo
1125 3952 1252 4008 Romano

141 4055 278 4128 facereret.

230 4159 342 4220 Relicui
366 4179 470 4220 uersus
486 4180 523 4221 ex
546 4160 664 4220 ultimi
681 4162 786 4238 regis
805 4160 970 4219 narratione
988 4159 1155 4238 deprompti
1171 4167 1250 4219 sunt:

146 4285 179 4326 ac
198 4267 378 4343 gubernator
406 4270 485 4346 (siue
513 4268 629 4346 auriga)
653 4266 687 4325 lr.
717 4264 772 4325 Xll
798 4268 900 4325 nescio
930 4285 965 4326 an
992 4266 1042 4326 ille
1071 4267 1251 4345 designetur,
