2834 4988
583 444 812 502 ENNIANAE
1131 449 1256 497 Lxxt'n

143 631 244 670 norum
266 628 431 686 uppuqncre
451 615 533 669 deuel
558 614 681 669 omnibus
700 615 789 685 portis
811 613 937 684 adpressi
960 616 1024 666 sint
1046 607 1139 686 (XIII.
1161 609 1255 689 XIV).

143 715 287 775 Aemilius
308 734 325 775 a
347 715 457 775 Baebio
481 715 617 775 auxilium
637 723 798 792 expectans
822 733 885 773 curu
909 723 937 772 et
963 724 1083 792 postero
1106 716 1152 775 die
1172 716 1255 793 Ligu·

144 840 193 880 res
216 831 358 881 uenturos
378 823 485 882 scisset
503 830 532 880 et
555 821 682 880 educere
707 821 734 878 iu
756 820 849 879 aciem
876 822 1035 899 potuisset,
1064 830 1159 881 torneu
1182 829 1255 881 inire

143 935 246 988 uelitum
271 948 337 988 suos
366 934 461 1001 terruit,
495 939 525 987 ut
548 931 711 987 extraheret
737 947 796 986 rem
822 934 850 985 ire
877 931 906 984 id
930 936 1036 1001 ternpus
1062 949 1115 1002 quo
1136 932 1257 986 Baebius

144 1056 204 1095 aim
227 1042 354 1094 exercitu
375 1041 470 1094 uenire
491 1055 509 1092 α
532 1039 606 1094 Pisis
623 1045 726 1109 posset.
764 1032 809 1092 CI.
834 1031 930 1090 Liuius
953 1030 971 1089 l.
994 1031 1012 1089 l.
1038 1032 1087 1090 ⁶25.
1120 1033 1181 1092 Hac
1204 1051 1256 1092 oo-

146 1143 265 1202 casioue
293 1142 395 1200 nescio
430 1141 494 1221 quis
523 1139 677 1199 Aemilium
705 1139 819 1198 uidetur
853 1140 895 1197 eis
923 1139 1075 1196 sententiis
1108 1141 1255 1199 inuexisse

145 1265 217 1325 quas
240 1247 315 1307 haec
333 1247 494 1325 fragmenta
516 1265 590 1325 quae
614 1247 682 1305 olim
705 1255 735 1305 ut
756 1255 824 1324 puto
840 1246 923 1303 unius
939 1247 1079 1304 orationis
1100 1245 1256 1324 complexu

145 1354 369 1415 continebantur
388 1352 465 1413 XVI.
488 1352 578 1412 XVII.
600 1352 704 1412 XVIII.
729 1351 798 1412 XIX
822 1351 968 1412 exhibent.
1015 1350 1142 1411 Tandem
1165 1358 1254 1411 Aemi-

144 1467 202 1535 lies‚
216 1471 365 1538 postquam
379 1466 448 1521 nibil
460 1481 576 1538 usquam
591 1466 691 1520 cecilii
703 1464 894 1530 ostendebatur
903 1493 947 1504 --
965 1465 1003 1518 ed
1017 1471 1146 1535 quattuor
1155 1471 1256 1534 portus

144 1575 297 1628 exereitum
319 1575 466 1641 instruxit,
487 1580 519 1628 ut
537 1575 615 1644 siquo
636 1573 699 1626 dcto
721 1573 803 1626 simui
821 1586 858 1625 ee·
880 1571 1002 1626 aturribus
1019 1570 1148 1639 portibus
1171 1584 1255 1640 erup-

146 1681 243 1734 tionem
269 1678 399 1750 fecerent
420 1711 464 1720 —
492 1686 611 1750 querulus
634 1679 730 1750 pudor
757 1685 828 1732 esset
854 1679 971 1732 edocens
989 1678 1023 1731 ub
1046 1675 1191 1746 Liqueribus
1214 1676 1250 1728 lu·

145 1784 269 1839 bonitus
298 1785 394 1841 uerius
421 1803 505 1857 quem
532 1785 653 1840 torribus
680 1787 758 1839 iustis
780 1784 935 1839 Rorrruruou
962 1785 1113 1838 recrederet
1138 1781 1258 1836 obsideri

146 1884 259 1964 (Liuius
282 1886 302 1946 Ι.
326 1885 346 1945 l.
370 1885 438 1966 27),
464 1897 552 1969 atque
574 1886 630 1947 buc
652 1886 751 1946 reiero
775 1885 802 1944 id
822 1884 899 1964 quod
918 1894 983 1962 post
1000 1883 1070 1944 XIX
1093 1884 1255 1962 ponendum

145 2002 207 2053 erat
226 1993 263 2052 lr.
279 1991 344 2051 XV.

231 2097 343 2157 Eodem
367 2116 442 2158 anno
472 2098 581 2159 bellum
610 2108 742 2158 coortum
772 2101 799 2157 in
824 2098 960 2175 Hispania
986 2097 1141 2174 citeriore,
1170 2119 1254 2178 quarn

146 2202 181 2277 Q.
206 2202 325 2264 Fuluius
348 2203 471 2266 Flaccus
493 2206 669 2283 prouinciam
693 2206 851 2265 obtinebat.
898 2201 985 2261 Cuius
1002 2203 1072 2263 belli
1091 2205 1255 2283 decursum,

146 2312 172 2369 in
195 2328 255 2390 quo
279 2311 314 2369 lr.
337 2309 402 2370 XX.
425 2311 503 2376 XXI.
524 2310 606 2371 XXII
629 2312 730 2372 sedern
753 2314 880 2373 nancisci
905 2320 1055 2390 poterant,
1078 2312 1173 2372 Liuius
1199 2314 1216 2373 l.
1236 2315 1254 2373 Ι.

146 2417 179 2478 31
203 2436 271 2497 sqq.
297 2421 450 2478 euerrsuit.

229 2523 301 2583 Nam
329 2522 471 2584 Celtiberi
500 2525 621 2602 primurn
645 2525 776 2584 omnibus
806 2528 899 2604 copiis
925 2527 1029 2585 castris
1053 2529 1254 2605 egrediuntur:

144 2631 211 2691 dein
234 2650 298 2691 curn
320 2631 467 2690 Romanus
490 2647 543 2707 per
566 2631 754 2707 quadriduum
777 2636 940 2693 continuum
962 2651 1032 2692 suos
1055 2637 1128 2694 intra
1149 2637 1255 2696 uallum

146 2740 319 2814 contineret,
335 2738 363 2795 iu
379 2738 482 2796 castris
499 2737 655 2814 quieuere,
672 2738 818 2816 equitibus
834 2750 939 2800 tanturn
956 2742 983 2798 in
1000 2744 1152 2800 stationem
1170 2747 1254 2803 emis-

145 2846 184 2902 sis
200 2841 300 2922 (XX).
335 2842 393 2901 Iam
414 2851 533 2921 praetor
556 2843 700 2903 llomanus
720 2843 751 2902 L.
769 2845 893 2905 Acilium
915 2865 978 2905 cuin
1000 2849 1149 2924 copiarum
1172 2859 1255 2925 parte

144 2946 232 3010 noctu
260 2948 354 3028 (XXI.
374 2948 485 3029 XXII.)
510 2956 656 3009 circumire
677 2962 792 3010 mordere
814 2957 884 3010 iubet
911 2959 958 3027 qui
983 2956 1018 3009 ub
1040 2965 1115 3027 terqo
1137 2958 1257 3014 bristibus

144 3068 219 3116 erat:
240 3061 304 3115 inde
321 3061 368 3115 ubi
385 3063 532 3116 etcinerem
552 3061 680 3128 credisset,
705 3063 856 3116 decurrere
871 3064 909 3116 ud
922 3070 1016 3115 cusu-u
1032 3077 1135 3117 correns.
1171 3057 1255 3118 Flac·

145 3181 196 3229 cus
221 3163 332 3223 iuterea
357 3160 524 3221 Celtiberos
546 3180 562 3222 a
588 3162 733 3242 praesidio
758 3172 918 3223 castrorum
944 3180 1061 3220 suorum
1084 3162 1255 3224 abstrahere

145 3269 258 3328 studet:
290 3285 325 3327 ao
354 3266 450 3327 subito
479 3275 554 3328 intre
581 3276 686 3331 trellum
713 3277 837 3329 exercitu
862 3276 993 3327 instructo
1021 3273 1107 3327 tribus
1132 3277 1256 3345 pertibus

143 3381 225 3434 simul
245 3380 377 3450 erumpit,
405 3381 552 3434 elenuirem
575 3398 631 3435 uon
659 3387 764 3435 teritum
787 3378 825 3433 ed
846 3378 975 3433 ardorem
991 3395 1105 3449 perquire
1129 3385 1251 3437 ceritan-

145 3484 208 3538 dum
236 3483 358 3551 subluto,
386 3485 438 3538 sed
460 3487 540 3539 etium
559 3492 589 3540 ut
609 3489 656 3557 qui
676 3489 704 3540 iu
727 3484 859 3540 pruritibus
880 3490 961 3538 erent
982 3486 1158 3542 exoredirerrt.
1204 3485 1256 3565 (Vt

144 3583 199 3644 buc
220 3584 351 3644 tortasse
371 3587 473 3647 melius
497 3588 641 3648 referatur
660 3589 695 3647 lr.
719 3586 814 3666 XIV.)
850 3588 899 3646 Sic
913 3608 1006 3664 prope
1027 3595 1086 3647 siue
1107 3597 1257 3650 certamine

143 3697 292 3766 capiuntur
315 3705 420 3753 eastra.

226 3798 395 3876 Septimo
420 3799 567 3860 decimo
591 3804 712 3863 annali
735 3809 895 3881 portares
919 3820 944 3861 a.
969 3820 996 3859 u.
1020 3803 1254 3864 u572u573

143 3913 243 3979 gestus
272 3907 387 3964 cecinit.
433 3904 512 3965 Inter
539 3926 611 3986 quas
640 3909 692 3969 luit
724 3910 808 3969 etiam
839 3908 917 3984 quod
941 3906 1063 3983 Cicer0‚
1091 3927 1176 3986 quern
1198 3909 1256 3969 Ilu·

144 4011 206 4086 gius
230 4009 373 4086 laudauit,
397 4011 425 4068 in
440 4012 573 4070 oratione
595 4014 631 4074 de
653 4017 808 4094 prouinciis
835 4014 1037 4074 consularibus
1065 4033 1090 4073 c.
1114 4015 1133 4073 9
1155 4016 1255 4074 tradit:

145 4138 179 4177 arr
206 4138 275 4177 icero
304 4121 346 4176 M.
369 4123 415 4176 ille
437 4123 572 4193 Lepidus,
596 4126 698 4197 quibis
720 4128 815 4180 eorisid
837 4133 863 4180 et
885 4126 1017 4197 pontifex
1039 4129 1177 4179 rescierimus
1196 4125 1259 4194 sirit,

145 4243 195 4284 non
216 4230 306 4283 solnm
328 4231 477 4283 rreeruoriue
499 4233 647 4285 testiruouio
668 4233 718 4286 sed
735 4235 816 4287 clinem
840 4235 981 4288 enrrrdiuur
1001 4233 1096 4285 litteris
1116 4238 1141 4284 e!
1161 4232 1260 4283 sirrumi

142 4339 327 4402 puerascere
349 4335 479 4390 laudatus
498 4343 545 4405 est,
565 4337 638 4406 quod
658 4353 720 4391 curn
735 4337 775 4390 bl.
797 4340 898 4393 Felicio
919 4340 1042 4407 eculepc,
1063 4337 1173 4408 quodie
1194 4350 1257 4388 errr—
