2834 4988
960 264 1001 341 ‚r
1201 248 1301 375 ‚ff

551 397 793 467 ustrovouo
1184 378 1271 457 tr·

219 570 368 662 Namque
384 567 564 659 Ae'sculopi
584 565 764 638 liberorum
781 563 884 635 saucii
906 567 1041 658 opplent
1063 568 1228 659 porticus:

218 674 291 742 Nou
316 673 405 765 potis
432 671 553 742 accedi.
582 669 654 763 [Set
680 667 831 840 tremepti
848 669 974 866 tgle'nuo
999 671 1088 741 lassa
1114 672 1229 742 conci-

218 854 345 976 Neque¹
359 875 499 971 singnis
528 875 597 946 ullo
625 877 714 969 potis
744 793 917 966 estula'cto
943 876 1114 968 profluens
1143 898 1229 946 cou-

777 981 906 1049 sistere.

219 1082 345 1178 [ltoque
368 1084 433 1154 hirc
457 1083 574 1154 dolore
592 1081 834 1254 consternattusl·
847 1083 989 1280 pressus
1007 1083 1122 1155 tardos
1142 1085 1229 1156 con-

790 1208 812 1254 u
827 1210 847 1272 r,

106 1368 108 1373 ⁴
147 1296 188 1358 20
219 1288 255 1359 Si
274 1290 332 1383 qui
346 1288 509 1380 sapientii
526 1289 637 1382 magis
655 1290 770 1358 uestra
787 1289 879 1360 mors
902 1289 1042 1361 deuitari
1061 1292 1182 1381 potest.

542 1424 559 1462 *
783 1425 800 1462 *

662 1482 679 1520 ἡ

218 1617 717 1635 .........
770 1565 825 1657 qui
849 1564 941 1634 elteri
966 1564 1101 1635 exitium
1123 1571 1228 1658 parat,

220 1667 304 1736 Eum
327 1671 412 1738 scire
431 1670 577 1760 oportet,
606 1667 667 1738 sibi
687 1673 839 1760 paratum
858 1668 986 1759 pestem
1005 1674 1041 1737 ut
1058 1671 1230 1761 participet

779 1793 902 1864 parem.

544 1907 559 1943 e
584 1888 586 1893 ’
663 1964 680 2002 *
784 1906 801 1943 s

580 2043 763 2116 Patricoles

219 2145 385 2239 Eloquere
414 2145 572 2240 eloquere
602 2149 656 2220 res
684 2142 849 2242 Argiuum
880 2147 1007 2238 proe'lio
1032 2151 1068 2216 ut
1090 2171 1127 2219 se
1148 2150 1230 2220 sus-

774 2251 864 2320 tinet.

218 2455 291 2525 Non
305 2453 393 2547 potis
407 2453 508 2525 celari
523 2352 770 2543 trinllllrlytlillllss,
789 2457 947 2550 quintum
962 2453 1057 2526 sactis
1073 2455 1229 2548 suppetit.

544 2592 559 2629 r
783 2592 800 2629 s

662 2650 679 2688 ᾖ

151 2735 192 2800 25
220 2726 295 2797 'Vbi
322 2729 456 2799 fortuna
473 2728 627 2823 Hectoris
654 2734 801 2803 nostram
827 2751 937 2926 acpdeup
950 2728 1064 2926 ttltciem
1088 2729 1230 2802 inclina-

226 2865 228 2869 *
772 2834 840 2903 tem
897 2855 915 2904 e
939 2832 949 2902 i

116 3045 235 3098 parem.
266 3030 383 3082 Abducet
397 3033 536 3085 Patricoles
544 3033 560 3092 ‚‘
586 3033 639 3096 (sic
660 3033 725 3086 Gud.
741 3035 804 3102 Reg.
826 3034 998 3085 Patrocles
1017 3032 1109 3099 ceteri)
1126 3034 1228 3093 ‘credo

116 3109 144 3151 ut
161 3100 276 3152 conlocet
295 3102 321 3150 iu
340 3101 434 3161 cubili,
454 3113 482 3152 ut
500 3103 592 3153 uolnus
613 3103 723 3170 obliget:
743 3107 765 3154 si
780 3104 883 3168 quidem
897 3104 974 3155 homo
989 3111 1064 3154 esset.
1098 3102 1151 3154 Sed
1164 3103 1230 3154 nihil

115 3170 171 3221 uidi
183 3171 276 3220 miuus.
304 3169 729 3238 Quaeritentmqutdaotumstt:
751 3174 907 3237 eloquere
981 3174 1144 3239 suppetit.
1180 3173 1229 3222 Lo-

115 3240 210 3290 berls:'
237 3240 290 3306 (sio
308 3241 447 3292 Bentleius.
473 3242 600 3293 loboris
623 3241 697 3308 libri)
728 3245 848 3307 ‘quiesce
870 3245 949 3309 igitur
972 3251 996 3293 et
1022 3242 1115 3292 uolnus
1140 3241 1228 3309 alliga.

115 3311 198 3360 Etiam
216 3311 239 3360 si
253 3311 400 3377 Eurypylus
420 3321 521 3379 posset,
547 3327 597 3362 non
617 3320 705 3379 posset
719 3314 851 3379 Aesopus:
879 3313 936 3363 ubi
957 3311 1103 3363 lortuua'
1124 3327 1147 3362 e.
1165 3327 1189 3376 q.
1205 3328 1227 3362 s.

115 3383 155 3429 ‘et
169 3387 253 3431 cetero
273 3381 385 3446 explicet
405 3384 431 3432 iu
446 3382 552 3433 dolore.’
585 3383 656 3433 ldem
670 3382 738 3434 Oret.
754 3383 797 3443 46,
813 3383 863 3434 too
890 3384 989 3446 ‘itaque
1010 3382 1093 3433 idem
1114 3385 1228 3448 poete,

115 3451 159 3512 qui
176 3451 323 3500 inusitatius
345 3460 517 3504 contruxerat:
537 3454 618 3520 petris
639 3454 690 3503 mei
707 3468 791 3503 meum
811 3452 905 3503 iactum
918 3452 1014 3519 pudet,
1034 3465 1095 3518 pro:
1116 3467 1229 3504 meorum

114 3519 255 3580 lectorum,
276 3528 316 3570 et:
339 3524 451 3583 territur,
470 3524 580 3574 exitium
599 3537 707 3574 examen
727 3524 810 3589 repit,
829 3537 891 3590 pro:
911 3524 1063 3584 exitiorum,
1082 3535 1133 3572 uon
1152 3523 1227 3573 (liciti

158 3731 192 3786 16
213 3744 336 3799 namque
352 3728 416 3784 libri
425 3731 562 3805 plerique.
586 3749 650 3788 nem
670 3731 730 3787 cod.
746 3730 857 3789 Docuit
959 3733 992 3791 17
1012 3733 1087 3804 potis
1103 3731 1228 3788 Bothius.

113 3818 207 3884 potest
221 3812 285 3868 lutri
389 3817 422 3873 18
444 3832 535 3888 neque
551 3818 616 3873 tiore·
620 3818 757 3890 plerique.
779 3835 832 3874 nec
851 3833 924 3874 unus
939 3819 1000 3875 cod.
1015 3817 1126 3873 Docuit·

15 3937 25 3947 .
112 3904 148 3956 20
171 3898 256 3968 siqui
273 3899 344 3954 Gud.
362 3897 432 3971 Req.
449 3901 537 3957 Bern.
561 3901 622 3958 Vat.
643 3902 667 3958 si
689 3918 743 3972 qua
758 3902 837 3958 codd.
852 3904 917 3975 aliq.
935 3919 987 3960 seu
1000 3916 1073 3958 unus
1090 3902 1150 3957 cod.
1167 3900 1227 3957 Do·

112 3985 178 4038 uitii
282 3990 316 4042 22
338 3990 467 4055 paratum
482 3987 631 4042 Bentleiuc.
648 3993 775 4059 paratam
791 3987 855 4043 libri
960 3992 996 4047 23
1018 3988 1149 4057 eloquere
1171 3987 1229 4042 elo·

108 4082 201 4141 ,quere
218 4069 287 4124 Gtcd.
305 4071 447 4140 eloquere,
466 4073 563 4138 semel,
579 4074 665 4127 cetera¹
769 4077 805 4130 24
818 4089 875 4127 ηοη
890 4074 964 4144 potis
983 4072 1069 4128 ecfari
1085 4072 1226 4127 Danielus.

72 4218 82 4223 ..
132 4166 172 4209 ort
184 4160 277 4224 potest
291 4153 362 4209 haee
379 4155 429 4208 lari
445 4154 513 4210 libri.
530 4172 586 4210 nou
600 4163 692 4226 potest
706 4157 793 4212 colari
813 4157 973 4214 Victoriana
1078 4161 1113 4213 25
1128 4155 1228 4209 Hecto·

52 4206 95 4309 ἧι,
145 4228 168 4307 Ι]
194 4237 234 4310 es.
256 4238 469 4293 Andromachae
486 4238 530 4310 fr.
546 4239 614 4295 XII
696 4257 789 4297 acrem
816 4259 868 4297 om.
891 4243 944 4298 duo
972 4241 1062 4298 Oecon.
1150 4238 1228 4294 dedit

140 4328 143 4333 '
163 4320 343 4390 Ribtcclciuu
367 4339 420 4378 om.
434 4323 499 4378 libri
709 4322 712 4329 '
