2834 4988
592 391 821 450 ΕΝΝΙΑΝΑΕ
1160 400 1257 447 xnvu

143 579 247 634 causo,
268 565 334 635 qaia
352 580 417 624 cum.
431 564 536 618 Latinis
558 563 694 617 rebellare
712 563 862 616 statuissent
938 562 1036 615 maltos
1050 561 1108 614 sine
1122 560 1259 632 suffragio

143 673 220 727 dote.
257 665 327 725 Sed
355 666 420 725 Inde
451 684 488 724 ne
515 666 597 723 niunis
625 672 708 723 certo
739 663 812 722 hanc
842 663 1004 738 fragmento
1027 659 1066 720 lv
1090 661 1189 721 sedem
1210 663 1258 722 ad·

144 775 264 851 signes,
303 771 459 852 prohibent
496 770 571 830 haec
598 768 669 828 Liuii
703 788 720 829 e
752 770 827 829 libro
854 766 950 827 XXIII
977 766 1011 826 31
1049 766 1141 828 uerba
1170 778 1197 827 et
1225 774 1260 828 de

144 887 274 941 trecentis
294 883 426 955 equitibus
446 883 609 953 Componis,
631 884 681 952 qui
700 883 728 935 in
753 879 847 936 Sicilia
869 896 933 935 com
952 878 1008 950 fide
1025 877 1167 950 stipendis
1188 894 1257 933 erne-

144 994 206 1047 ritis
226 990 345 1046 Romam
366 994 516 1057 mamam,
546 988 631 1042 lotum
652 987 691 1041 cd
706 988 857 1058 populum,
882 992 911 1042 ut
932 987 1008 1040 cium
1030 983 1152 1039 Romani
1171 991 1262 1039 essent

140 1094 189 1173 (a.
210 1112 238 1152 u.
262 1110 288 1151 c.
311 1091 399 1170 537).
443 1087 552 1148 Verum
582 1107 618 1148 ne
644 1087 717 1149 fides
747 1089 863 1168 quidem
891 1087 1031 1167 probatur
1055 1087 1122 1146 milii
1145 1106 1258 1163 uersus,

146 1219 233 1279 quem
258 1215 313 1279 pro
341 1195 493 1275 spondiaci
521 1196 659 1276 exemplo
687 1196 811 1277 procliui
834 1214 925 1274 opera
952 1192 1130 1254 Censorinus
1154 1194 1258 1271 fragm.

145 1324 172 1365 c.
198 1306 235 1364 14
255 1322 284 1382 p.
309 1303 349 1364 93
371 1302 455 1362 Jahn.
480 1303 623 1381 ellingere
648 1303 754 1382 potuit:
778 1312 807 1362 ut
823 1302 983 1363 Diomedes
1007 1301 1119 1362 elinxit
1141 1319 1169 1379 p.
1185 1299 1257 1360 494.

145 1411 208 1471 495
231 1410 263 1470 Ρ.
308 1406 372 1468 Nec
401 1426 473 1469 uero
503 1411 631 1476 relicuos
653 1430 691 1470 ex
712 1410 769 1470 hoc
793 1428 903 1487 genere
925 1427 1045 1484 uersus,
1075 1422 1149 1486 quos
1173 1424 1258 1466 nemo

145 1524 271 1576 testatus
301 1523 347 1575 est
369 1513 452 1574 Ennii
486 1535 570 1593 esse,
608 1519 643 1579 ad
672 1519 747 1578 hunc
775 1525 891 1596 po'e'tam
919 1515 1100 1576 coniideuter
1127 1510 1259 1579 ascribo;

146 1631 267 1700 praeter
286 1641 371 1682 unum
396 1622 425 1701 (I
439 1623 475 1683 ir.
493 1622 624 1704 XXXI),
648 1608 733 1704 quem
751 1624 785 1685 ad
801 1642 882 1683 suurn
898 1633 1047 1684 auctorem
1063 1619 1169 1679 Atilius
1187 1617 1259 1678 For·

146 1731 311 1790 tunatianus
348 1748 376 1808 p.
409 1729 486 1791 2691
521 1729 551 1789 P.
583 1731 661 1808 (340
692 1729 742 1808 G.)
773 1728 892 1789 rettulit.
938 1729 997 1790 Sed
1022 1729 1063 1789 iili
1094 1723 1259 1801 Censorini,

149 1834 228 1912 qood
255 1834 291 1894 ad
312 1833 459 1896 Ennianos
483 1835 626 1896 admissus
649 1845 712 1909 est,
744 1836 823 1895 fauet
841 1853 898 1895 non
918 1836 1006 1910 nihii,
1036 1833 1113 1914 quod
1136 1832 1260 1909 Vergilii

146 1938 336 2019 Lucretiique
367 1942 501 2002 uersibus
542 1943 645 2003 tertius
681 1940 812 2000 adiectus
848 1951 902 2001 est.
961 1941 1005 2000 De
1039 1942 1202 2017 fragmento
1233 1940 1259 1997 V

147 2048 242 2107 reicio
262 2066 338 2107 nunc
360 2048 479 2127 Ilbergii
502 2059 531 2110 et
556 2066 665 2121 meam,
689 2065 773 2125 quam
796 2046 864 2106 olim
887 2045 1025 2124 probauI,
1050 2048 1257 2120 coniecturam,

146 2153 296 2214 Romanos
318 2155 475 2232 significari
498 2157 525 2213 in
546 2155 665 2215 furculis
683 2151 819 2215 Catudinis
839 2151 892 2211 sub
914 2154 982 2230 Iugo
1007 2161 1158 2212 exeuntes.
1197 2151 1261 2211 Nec

146 2261 222 2319 enim
246 2260 364 2339 placent
387 2261 605 2321 ‘lacrimantes’
625 2259 730 2318 milites
748 2260 885 2333 Romani,
912 2260 1062 2339 placerent
1084 2268 1259 2333 maerentes,

147 2365 401 2427 obmutescentes:
439 2368 623 2427 lacrimantes
656 2365 790 2426 uidentur
819 2367 957 2426 mulieres
988 2367 1085 2445 potius
1114 2365 1259 2444 liberique

146 2481 334 2552 expugnatae
355 2474 457 2532 nescio
478 2474 559 2532 cuius
581 2472 660 2530 urbis
683 2473 837 2533 nominari:
871 2473 1026 2551 displicent
1048 2475 1133 2533 etIam
1156 2474 1259 2533 ‘mise-

146 2584 267 2640 rantes’
290 2579 338 2640 ilia
358 2578 516 2638 occasione
540 2578 700 2652 Samnites,
734 2595 808 2656 quos
831 2580 927 2640 Liuias
948 2580 988 2640 IX
1008 2582 1027 2642 6
1050 2582 1147 2659 prodit
1171 2599 1187 2640 a
1210 2583 1260 2639 mi·

111 2732 114 2737 .
147 2685 296 2744 serationo
324 2684 440 2761 longius
468 2684 587 2744 afuisse.
633 2683 766 2762 Denique
789 2687 917 2746 incertus
940 2687 1049 2749 haereo
1075 2688 1112 2748 de
1135 2686 1259 2763 duobus,

148 2791 196 2867 qni
217 2799 347 2867 restant,
377 2792 532 2852 uersIculis
548 2790 588 2850 VI
612 2799 641 2848 et
664 2789 733 2849 VIi:
766 2809 887 2869 quorum
909 2793 959 2854 ille
982 2795 1019 2853 de
1043 2795 1259 2872 oppugnatione

149 2895 251 2974 oppidi
272 2896 407 2956 eiiertur:
430 2915 601 2977 quamquam
617 2897 693 2974 quod
712 2898 849 2975 oppidum
867 2899 959 2959 dicam
979 2919 1049 2978 prae
1065 2901 1129 2959 aliis
1147 2903 1257 2961 nescio.
1329 2916 1333 2931 '

148 3002 198 3062 Sic
218 3010 333 3080 potest,
357 3005 491 3081 quoniam
514 3004 551 3064 de
566 3003 731 3063 Samniticis
754 3002 841 3062 bellis
862 3006 889 3061 in
911 3003 968 3064 hoc
991 3005 1065 3065 libro
1090 3008 1199 3083 agitur,
1223 3008 1258 3066 ad

147 3105 288 3168 Luceriae
316 3113 578 3189 expugnationem,
610 3126 695 3188 quam
716 3107 812 3167 Liuius
840 3108 907 3168 VIII
931 3110 968 3171 13
997 3114 1141 3187 narrauit,
1171 3115 1259 3191 perti·

148 3231 230 3274 nere.
275 3216 407 3295 Septimo
425 3215 538 3277 Merula
561 3216 666 3276 flumen
686 3214 771 3273 Lirim
793 3223 823 3273 et
843 3214 960 3291 urbem,
991 3234 1075 3294 quam
1096 3229 1258 3296 percurrat,

149 3319 305 3381 Minturnas
334 3322 491 3400 signIficari
521 3322 671 3383 censebat.
716 3321 761 3380 Ac
788 3320 824 3381 de
846 3321 920 3397 Liri,
953 3323 1033 3382 cuius
1056 3325 1083 3383 In
1106 3324 1163 3384 hoc
1184 3325 1259 3385 libro

149 3428 300 3507 multiplex
329 3448 397 3489 esse
426 3432 662 3490 commemoratio
694 3431 785 3508 potuit
816 3428 870 3504 (ci.
894 3428 1069 3489 Niebuirius
1096 3432 1123 3490 in
1147 3431 1259 3491 scholis

150 3535 326 3596 academicis
344 3536 381 3596 de
403 3536 584 3616 geograpIIa
608 3539 723 3616 antIqua
746 3556 775 3615 p.
792 3534 890 3614 453),
913 3553 971 3593 non
994 3537 1091 3616 inepte
1107 3540 1257 3614 cogitauit,

151 3638 185 3698 de
208 3659 266 3719 quo
288 3640 424 3702 Horatius
443 3640 539 3702 Germ.
563 3641 574 3700 I
593 3641 650 3717 31,
674 3643 693 3701 7
715 3647 789 3702 Liris
810 3648 901 3717 quiete
923 3648 1030 3703 mordet
1050 3667 1123 3721 aquo
1146 3651 1259 3704 tacitar-

150 3766 200 3806 noa
221 3756 321 3808 omnis.
356 3745 402 3809 ct.
427 3747 602 3809 NIebuIrrius
625 3749 644 3808 I.
667 3748 684 3808 I.
711 3767 738 3828 p.
757 3749 818 3809 340
842 3756 871 3806 et
893 3748 965 3808 too.

612 4022 738 4085 CAPVT
761 4023 801 4083 III

232 4188 264 4248 In
285 4189 330 4248 Iris
350 4201 486 4268 quattuor
503 4193 604 4268 libris,
630 4195 666 4254 de
691 4196 795 4272 quibus
810 4212 874 4272 cap.
893 4193 918 4252 II
932 4196 1060 4271 egimus,
1081 4211 1135 4270 per
1148 4193 1259 4270 amplos

155 4291 240 4355 hlatus
252 4315 288 4356 ac
302 4297 421 4358 lacunas
436 4301 517 4377 qnasi
531 4300 643 4358 incerto
659 4302 786 4375 uestigio
802 4302 971 4360 errauimus.
992 4301 1096 4358 Sexti
1115 4299 1259 4357 annalis
