2834 4988
425 464 429 473 ‚
527 402 769 472 Ruulovlnu
1096 482 1119 496 -
1145 391 1205 458 137

196 574 371 646 Praeterea
389 575 431 643 ad
446 574 577 645 Troiam
595 594 669 642 cum
688 570 761 641 misi
780 570 823 639 ob
843 570 1082 641 defendendam
1097 571 1206 642 Grae·

745 695 850 758 eram,

196 779 327 851 Scibam
357 803 409 851 me
438 781 471 849 iu
503 779 707 850 mortiferum
742 777 880 861 bellum,
918 777 985 847 ιιόιι
1020 776 1053 847 in
1089 777 1206 868 epulas

758 880 895 950 mittere.

615 1000 664 1072 lV

197 1120 288 1190 More
320 1120 455 1213 antiquo
480 1119 601 1191 audibo
630 1122 730 1212 alque
754 1117 859 1291 purisd
876 1117 933 1290 tpbi
958 1122 1074 1189 contra
1104 1122 1205 1187 uteu-

777 1243 815 1290 as
861 1244 881 1291 a
903 1244 934 1291 o.

632 1341 666 1410 V

106 1488 167 1550 365
195 1478 312 1548 Scibas
339 1481 452 1548 natum
476 1479 659 1572 ingenuum
678 1479 832 1564 Aiacem,
865 1479 918 1549 cui
940 1483 975 1548 tu
1000 1479 1205 1550 obsidionem

754 1604 863 1674 paras.

626 1700 673 1771 Vl

196 1820 345 1906 Nem'ita
370 1836 446 1906 mihi
465 1835 654 1909 Telamonis
678 1837 798 1930 patris,
812 1837 883 1953 ‘aui
904 1837 1007 1908 Ae'aci
1034 1841 1067 1906 et
1087 1838 1206 1927 proaui

196 2042 305 2112 Grata·
325 2046 376 2113 est
403 2041 512 2136 gratia
542 2043 641 2138 alque
667 2042 731 2113 boc
751 1942 866 2217 111ἒί1
898 2043 1072 2113 candidum
1103 2041 1204 2113 claret

622 2168 624 2172 ⁴
758 2170 800 2217 mr
826 2171 845 2217 1.

92 2349 169 2398 Tusc.
183 2349 251 2415 disp.
268 2350 305 2399 Ill
319 2348 361 2410 13,
374 2349 408 2401 28
428 2349 559 2400 ‘uidentur
576 2351 645 2400 enim
659 2351 746 2400 omnia
759 2351 892 2417 repentina
908 2350 1036 2417 grauiora.
1066 2349 1105 2398 Ex
1119 2348 1168 2398 hoc
1181 2358 1206 2399 et

94 2418 139 2468 illa
153 2419 208 2468 iure
222 2419 372 2470 laudentur:
392 2435 450 2486 ego
465 2421 546 2470 cum’
566 2437 589 2470 e.
607 2437 631 2484 q.
648 2436 670 2470 s.
698 2421 796 2471 Ibidem
810 2423 853 2481 24,
870 2421 903 2473 58
923 2424 1015 2483 ‘atque
1033 2418 1083 2468 boc
1098 2418 1167 2469 idem
1181 2427 1206 2469 et

93 2488 223 2539 Telamo
245 2489 290 2540 ille
305 2490 418 2540 declarat
437 2489 525 2556 [361]’
549 2491 655 2556 (Totum
667 2506 772 2542 uersum
785 2491 906 2541 exhibent
921 2491 1001 2541 blarb.
1015 2489 1106 2539 Duisb.
1121 2487 1203 2539 Oxou.

92 2573 170 2619 unus,
191 2565 215 2609 et
227 2560 314 2609 uerbis
328 2560 425 2626 genui
497 2561 618 2610 sustuli
633 2576 667 2610 m.
682 2561 726 2611 alt.
742 2562 861 2628 ascriptis
876 2560 939 2627 Reg.
956 2574 1013 2626 ego
1029 2575 1097 2608 cum
1109 2561 1206 2624 genui

93 2631 284 2679 moriturum
298 2631 386 2679 sciui
398 2630 495 2681 Vindd.
513 2630 613 2681 Monac.
627 2632 644 2680 b
659 2630 741 2682 Rehd.
758 2639 782 2682 et
796 2631 891 2681 additis
905 2646 939 2680 m.
957 2628 1000 2679 alt.
1016 2629 1205 2679 moriturum
1248 2628 1252 2639 “

50 2733 53 2739 -
93 2698 180 2749 sciui
200 2699 275 2749 Bern.
298 2713 356 2765 ego
376 2715 443 2750 cum
463 2701 560 2766 genui
580 2696 672 2765 ceteri)
703 2699 802 2753 Seneca
819 2700 954 2765 adPolyb.
974 2700 1006 2750 de
1024 2714 1094 2750 cous.
1118 2698 1207 2759 inab

26 2801 28 2806 ·
80 2771 204 2832 .‘quanto
219 2769 262 2819 ille
275 2769 379 2830 iustior,
401 2771 445 2834 qui
459 2772 575 2821 nuntiata
586 2769 634 2820 lilii
648 2779 729 2821 morte
742 2771 847 2838 dignam
860 2785 953 2837 magno
967 2770 1023 2819 uiro
1039 2784 1128 2819 uocem
1143 2770 1206 2818 emi-

92 2839 140 2889 sit:
166 2853 224 2905 ego
308 2839 402 2889 sciui.
437 2841 546 2891 Prorsus
561 2855 612 2890 nou
629 2841 729 2890 mireris
750 2857 783 2890 ax
802 2841 851 2891 boc
870 2847 956 2891 uatum
972 2855 1030 2889 esse
1044 2840 1088 2902 qui
1108 2837 1207 2890 fortiter

94 2909 159 2958 mori
177 2915 266 2974 posset
337 2925 394 2976 ego
469 2911 562 2960 sciui.
596 2909 695 2960 Deinde
714 2911 809 2960 adiecit
822 2927 875 2960 ram
889 2911 995 2960 maioris
1013 2916 1038 2960 et
1055 2908 1207 2975 prudentiae

93 2985 118 3028 et
133 2978 226 3027 animi:
251 2987 281 3029 et
298 2978 375 3028 huic
394 2980 441 3029 rei
461 2979 602 3030 sustuli!
632 2980 725 3031 Fronto
740 2980 772 3030 de
786 2979 853 3030 bello
867 2978 952 3030 Parth.
968 2995 995 3045 p.
1011 2977 1062 3029 199
1075 2978 1116 3027 ad.
1131 2979 1204 3028 Rom.

92 3046 158 3113 (105
172 3045 262 3113 Nieb.)
282 3051 329 3097 ‘au
343 3057 474 3099 cunctetur
487 3050 519 3100 de
534 3050 658 3099 militibus
672 3052 765 3099 nostris
780 3049 848 3100 Mars
861 3057 935 3116 pater
951 3049 996 3099 illa
1010 3048 1115 3098 dicere?
1130 3045 1205 3113 [3111]

92 3118 270 3168 Praeterea
286 3134 357 3168 cum
371 3121 410 3168 in'
429 3119 485 3186 (ob
503 3117 576 3184 cod.)
601 3123 741 3169 ‘terrarum
759 3120 847 3170 orbem
871 3119 945 3170 misi
966 3119 1002 3168 ob
1023 3116 1206 3168 defenden-

93 3187 164 3237 dum
179 3188 330 3254 imperium,
350 3187 480 3239 Scibam
495 3206 541 3240 me
555 3190 587 3238 iu
601 3188 776 3239 mortifera
790 3188 892 3240 bella’
909 3206 931 3240 c.
949 3205 973 3252 q.
989 3204 1010 3237 s.
1031 3187 1111 3236 ‘haec
1125 3189 1206 3238 uerba

92 3257 198 3308 'l'elamo
213 3258 324 3308 'l'roiauo
343 3259 411 3308 bello
428 3259 460 3309 de
473 3261 526 3309 suis
544 3259 635 3309 liberis
647 3260 727 3309 semel
742 3259 857 3310 elocutus
874 3261 930 3309 est!
964 3257 1112 3308 Ciceronem
1126 3258 1203 3308 Tusc.

92 3326 160 3393 disp.
169 3326 296 3389 11114,30
311 3336 413 3378 secutus
423 3329 592 3394 Hieronymus
602 3328 723 3394 Epitaph.
730 3328 866 3395 Nepotiani
880 3345 906 3394 p.
914 3327 965 3379 592
975 3328 1054 3393 Migo.
1072 3327 1130 3377 ‘ubi
1140 3327 1206 3378 illud

92 3398 124 3447 ab
135 3397 243 3447 infautia
253 3398 365 3447 studium
376 3399 518 3449 litterarum
530 3409 555 3449 et
565 3400 735 3465 Anaxagorae
748 3415 777 3449 ac
786 3399 916 3449 Telamo
925 3399 974 3447 nis
988 3413 1091 3463 semper
1102 3397 1206 3448 laudata

93 3468 232 3518 sententia:
252 3469 395 3518 sciebam
413 3485 459 3518 me
478 3470 830 3535 genuissemortalem)
902 3469 938 3518 lV
957 3467 1055 3518 Nouius
1069 3483 1095 3533 p.
1111 3468 1203 3528 50111

52 3581 56 3590 .
94 3537 230 3588 ‘audibo
246 3553 293 3604 pro
307 3539 419 3589 audiam.
447 3540 545 3589 Ennius
557 3539 762 3590 Telamone...'
833 3540 856 3587 V
876 3539 966 3589 Festus
981 3554 1007 3604 p.
1021 3537 1114 3588 1118111.
1135 3539 1205 3588 ‘ob-

92 3607 255 3657 sidionem
279 3610 366 3674 potius
385 3608 521 3660 dicendum
542 3625 598 3660 esse
620 3624 695 3672 quam
719 3607 848 3660 obsidium
872 3609 978 3659 adiuuat
997 3622 1043 3658 uos
1060 3609 1204 3659 testimonio

92 3692 138 3727 suo
152 3677 249 3727 Ennius
262 3679 288 3728 iu
302 3679 457 3741 Telamone,
477 3694 553 3743 quom
567 3681 603 3729 ait
617 3681 674 3728 ...’
745 3680 780 3729 Vl
800 3679 898 3730 Nonius
913 3695 939 3745 p.
955 3677 998 3740 85,
1014 3679 1047 3730 23
1067 3678 1203 3740 ‘claret‚

132 3922 184 3977 362
207 3918 300 3986 missi,
322 3920 372 3975 aed
384 3925 415 3976 ut
427 3923 507 3992 prior
522 3940 536 3978 s
551 3922 679 3978 uideatur
695 3921 782 3976 deleto
796 3937 864 3991 esse,
886 3922 991 3979 Fronto
1077 3927 1129 3982 363
1151 3925 1204 3978 sci-

90 4005 154 4058 bam
169 4003 286 4059 Fronto.
312 4006 437 4060 sciebem
455 4007 594 4069 Ciceronis
615 4006 679 4062 libri
762 4011 815 4066 364
836 4014 918 4080 atque
932 4008 1031 4063 Bomb.
1055 4024 1145 4078 neque
1160 4023 1203 4063 oe-

90 4090 143 4142 terr‘
156 4087 221 4143 iibri
304 4089 424 4145 utendos
439 4091 538 4146 Bomb.
625 4097 677 4151 366
697 4092 743 4146 aui
763 4093 850 4147 Aeaci
866 4092 1007 4165 Bcrplcius
1021 4092 1094 4147 Mus.
1111 4091 1203 4148 Rhea.

93 4176 161 4230 1835
178 4190 210 4244 p.
235 4175 279 4231 73.
301 4176 440 4247 atquolaci
462 4177 526 4232 iibri
609 4178 682 4232 touls
702 4176 779 4232 Laid.
865 4180 918 4235 367
946 4184 1026 4250 grata
1050 4182 1093 4232 est
1114 4177 1204 4248 gratia

91 4257 122 4312 G.
141 4257 323 4315 Hermonnus
340 4260 441 4334 Oposc.
464 4260 526 4318 VII
540 4266 602 4322 380.
627 4263 718 4335 gratia
740 4278 774 4316 oa
796 4266 839 4316 est
857 4262 926 4319 iibri.
950 4263 1040 4337 gratia
1062 4266 1143 4336 grata
1160 4267 1204 4318 est

91 4342 200 4403 Grotius
