2834 4988
561 438 803 508 RELIQVIAE

580 609 752 682 CXXXIV
766 609 782 646 *

131 790 134 794 .
230 713 312 781 Turn
336 715 480 784 lateralis
503 715 600 785 dolor
620 715 823 785 certissimus
846 716 979 785 nuntius
1002 717 1116 786 mortis

591 831 748 904 CXXXV
763 833 778 868 *

227 935 342 1006 Ferme
364 939 502 1051 aderant
524 936 648 1007 ratibus
671 938 861 1029 repentibus
882 960 1027 1031 aequore
1050 938 1082 1006 in
1106 938 1184 1007 alto.

577 1053 749 1126 CXXXVI
763 1056 778 1090 *

226 1158 479 1230 introducuntur
502 1159 602 1252 legati
626 1158 878 1231 Minturnenses.

572 1277 759 1350 CXXXVII
774 1278 789 1314 *

226 1378 291 1450 Olli
314 1383 450 1454 crateris
473 1405 516 1454 ex
538 1382 662 1452 auratis
685 1383 875 1454 hauserunt.

564 1502 763 1573 CXXXVIII
777 1501 793 1538 *

137 1609 197 1669 6115
224 1601 348 1671 Massili
371 1605 545 1694 portabant
568 1606 706 1676 iuuenes
729 1608 770 1676 ad
794 1607 891 1676 litora
913 1610 1017 1674 lanas.

599 1742 768 1814 CXXXIX

227 1838 323 1923 Quod
347 1842 454 1912 bonus
476 1848 510 1913 et
532 1845 614 1916 liber
636 1847 782 1939 populus

123 2091 146 2124 e.
167 2093 192 2140 q.
212 2092 233 2131 s.
256 2080 317 2144 ‘pro
336 2080 466 2144 spoliant.’
503 2081 642 2148 Pompeius
658 2083 751 2133 Donati
776 2088 910 2133 comment.
929 2095 957 2145 p.
975 2079 1026 2130 435
1044 2079 1118 2128 Lind.
1139 2078 1236 2129 ‘soloe-

122 2147 217 2198 cismus
303 2149 456 2213 spoliantur'
478 2167 501 2200 0.
518 2167 543 2213 q.
559 2168 581 2201 s.
612 2155 672 2218 ‘pro
694 2167 724 2202 eo
740 2153 810 2215 qnod
823 2150 1000 2216 caspaliana·
1031 2150 1112 2199 Ennio
1131 2149 1236 2198 ascribit

124 2214 245 2267 Columna
316 2217 448 2268 CXXXIV
466 2219 594 2272 Maximus
612 2222 759 2273 Victorinus
782 2239 808 2289 p.
829 2219 896 2272 1993
915 2220 943 2269 Ρ.
963 2217 1028 2283 (293
1046 2214 1137 2282 Lind.)
1173 2218 1236 2267 ‘En-

123 2286 181 2336 nius
195 2302 295 2351 qnoque
309 2288 357 2336 ait:
377 2290 430 2338 uita
443 2288 489 2339 illa
502 2290 596 2357 diguus
610 2291 730 2358 locoque,
751 2293 824 2356 qnasi
840 2291 920 2356 dignu
933 2289 1039 2353 locaque
1056 2287 1159 2340 dixerit.
1194 2285 1236 2337 Si-

122 2355 216 2406 militer
227 2356 342 2408 Lucilius
357 2359 404 2407 ait:
423 2367 476 2408 tum
488 2359 612 2411 lateralis’
627 2378 650 2415 e.
665 2379 690 2425 q.
709 2378 729 2412 s.
752 2366 812 2428 ‘pro
830 2369 883 2410 turn
894 2359 993 2409 laterali
1008 2358 1081 2409 dolor
1093 2357 1237 2408 certissima

123 2428 212 2476 nuntiu
231 2428 338 2481 mortis.'
375 2429 450 2478 Ennii
468 2429 611 2494 Luciliiquc
629 2434 732 2481 nomiua
751 2433 816 2481 inter
834 2446 862 2480 se
879 2437 1022 2496 permutata
1044 2445 1101 2480 esse
1119 2427 1237 2492 suspica-

122 2503 162 2545 tur
184 2496 208 2551 J.
230 2496 358 2548 Beckerus
381 2498 488 2563 Ilphem.
513 2499 592 2550 Marb.
619 2499 686 2552 1849
708 2516 734 2566 p.
757 2499 808 2551 329
832 2498 865 2550 cl.
890 2499 951 2550 ibid.
978 2496 1048 2550 1846
1070 2513 1097 2563 p.
1115 2495 1168 2547 946

124 2564 242 2616 CXXXV
265 2568 346 2618 Varro
371 2567 402 2618 dc
424 2567 452 2618 L.
476 2568 506 2618 L.
530 2570 577 2619 VII
600 2569 634 2621 23
660 2570 775 2621 ‘ferme
800 2570 945 2619 aderant*
969 2586 991 2623 e.
1010 2585 1035 2632 q.
1056 2585 1079 2620 s.
1103 2567 1236 2629 ‘aequor
1260 2628 1263 2633 ³

122 2651 191 2685 mare
203 2636 360 2702 appellatum
374 2676 379 2687 .
393 2677 416 2690 ..
432 2640 512 2688 ratis
529 2641 602 2691 nauis
617 2639 707 2707 longas
722 2640 805 2692 dtxtt!
834 2639 908 2688 Ennii
924 2637 1030 2688 heroum
1046 2653 1104 2688 esse
1117 2637 1236 2702 opinatus

122 2713 161 2756 est
178 2704 207 2754 II.
226 2705 352 2771 llbergius
433 2706 562 2758 CXXXVI
591 2709 718 2760 Maximus
736 2710 883 2761 Victorinus
902 2709 934 2758 de
951 2723 1029 2762 carm.
1049 2707 1102 2757 her.
1119 2722 1146 2772 p,
1171 2703 1236 2757 1959

122 2774 149 2825 P.
170 2773 236 2840 (289
249 2774 340 2841 Lind.)
361 2776 594 2842 ‘spondiazou,
614 2787 641 2827 ut
655 2787 706 2830 est:
727 2778 932 2830 introducuntur’
952 2794 975 2828 e.
993 2793 1016 2841 q.
1031 2794 1051 2828 s.
1083 2775 1236 2827 Aldbelmus

123 2844 155 2893 de
172 2859 199 2892 re
215 2860 254 2911 gr.
275 2854 299 2895 et
315 2853 387 2897 metr.
415 2846 459 2913 (A.
482 2848 532 2897 Mai
556 2855 623 2898 auct.
643 2848 719 2900 class.
745 2848 852 2913 V524)
875 2848 1094 2914 ‘spondiazon
1121 2852 1234 2904 uocatur,

121 2922 149 2962 ut
168 2922 218 2964 est:
238 2914 274 2963 hii
293 2915 479 2981 producuntur'
498 2934 519 2967 e.
536 2933 561 2979 q.
579 2933 601 2966 s.
634 2918 715 2966 Ennio
732 2918 873 2967 tribuerunt
890 2916 1001 2967 editores
1014 2924 1042 2964 ut
1054 2916 1201 2981 proximum

156 2981 297 3034 CXXXVII
316 2984 470 3036 Censorinus
489 2985 581 3052 fragm.
601 3002 622 3036 c.
644 2987 676 3037 15
694 3003 722 3053 p.
743 2986 777 3037 98
795 2986 871 3039 Jahn.
891 2985 969 3048 (2727
988 2984 1033 3050 P.)
1053 2983 1235 3048 ‘duodecasyl-

122 3052 194 3103 labos
208 3053 379 3119 spondIazon:
395 3054 453 3103 olli‘
467 3071 491 3105 e.
506 3071 531 3117 q.
549 3071 570 3109 s.
642 3053 797 3106 CXXXVIII
808 3056 923 3104 Donatus
937 3054 969 3104 dc
984 3055 1065 3119 tropis
1080 3069 1107 3119 p.
1124 3052 1190 3105 1777
1204 3053 1234 3104 Ρ.

122 3121 268 3188 (301100.)
288 3120 403 3188 ‘aprinae
466 3131 506 3172 ut:
527 3132 625 3191 septem
644 3124 760 3176 subiecta
777 3126 905 3174 trioni
922 3130 960 3173 et:
980 3136 1043 3173 saxo
1058 3137 1115 3171 cere
1130 3121 1235 3172 cummi-

122 3193 177 3242 nnit
194 3192 276 3242 bmm.
297 3201 334 3243 et:
354 3193 464 3243 Massili'
484 3210 507 3243 e.
527 3212 552 3258 q.
567 3212 589 3247 s.
627 3194 764 3260 Pompeius
782 3195 874 3243 Donati
893 3199 1027 3242 comment.
1050 3206 1077 3257 p.
1090 3192 1143 3242 475
1157 3190 1234 3241 LInd.

122 3261 287 3327 ‘plerumque
303 3279 350 3328 per
368 3263 447 3312 uerba
464 3263 575 3328 plurIma
589 3264 752 3330 interposita'
772 3264 810 3326 (fit
822 3261 924 3327 tmesis)
945 3263 983 3312 ‘si
997 3261 1070 3311 dicas
1085 3260 1146 3310 hoc:
1167 3260 1235 3311 Mas-

121 3331 177 3380 sili'
191 3347 214 3381 e.
232 3347 256 3395 q.
271 3349 292 3385 s.
316 3333 358 3382 ‘id
376 3339 414 3382 est
426 3332 599 3382 Massilitanas
615 3333 721 3399 lagonas
734 3333 868 3399 portabant
881 3335 986 3381 iuuenes
1000 3330 1033 3380 ad
1051 3330 1145 3380 littora.
1164 3329 1235 3380 aliud

122 3401 211 3450 etiam:
231 3416 295 3452 saxo
313 3402 445 3452 cerebrum
464 3401 519 3451 eius
537 3404 693 3454 comminuit.
711 3403 758 3453 sed
779 3418 828 3452 non
848 3403 931 3467 potuit
949 3401 987 3451 sic
1008 3407 1076 3449 stare
1095 3415 1127 3449 ex
1146 3399 1236 3450 ordine

122 3471 298 3536 compositus.'
326 3469 531 3537 (composuit
554 3472 643 3537 Lind.)
669 3473 750 3523 Ennio
774 3472 887 3522 attribuit
910 3469 1049 3529 Columna,
1079 3468 1236 3519 abiudicanit

122 3540 154 3591 Α.
165 3539 277 3590 Kochius
290 3540 379 3590 Exere.
394 3541 450 3594 crit.
466 3556 491 3605 p.
508 3543 524 3591 2
596 3540 729 3593 CXXXIX
738 3542 852 3592 Lexicou
864 3541 965 3592 Terent.
979 3554 994 3588 a
1006 3537 1033 3589 C.
1048 3538 1152 3589 Barthio
1165 3537 1233 3591 Anu.

121 3608 255 3661 XXXVIII
276 3609 307 3661 15
332 3614 378 3661 ‘ex
397 3613 492 3676 optimo
509 3613 605 3677 mspto'
630 3612 691 3662 edit.
729 3611 880 3662 ‘Terentius
904 3608 1043 3675 Adelphis:
1072 3624 1153 3674 neque
1174 3608 1235 3657 boni

121 3677 234 3729 cilicium
246 3679 348 3731 functus
365 3696 407 3740 es,
422 3695 505 3744 neque
517 3681 631 3732 liberalis
641 3683 700 3732 uiri.
722 3682 820 3732 Ennius
839 3681 874 3732 in.
888 3694 918 3729 eo
938 3679 1006 3742 quod
1018 3679 1113 3731 bonus'
1133 3694 1155 3728 e.
1170 3693 1196 3742 q.
1210 3693 1233 3729 s.

165 3893 217 3948 602
231 3890 337 3945 ratibus
352 3891 512 3960 repentibus
528 3905 650 3960 aequore
665 3890 693 3943 In
707 3890 763 3944 alto
778 3891 816 3947 H.
833 3889 978 3961 Ilbcrqius.
996 3905 1118 3960 aequore
1137 3888 1165 3942 in
1180 3889 1235 3943 alto

122 3976 228 4029 ratibus
244 3974 405 4045 repentibus
421 3974 486 4028 libri
569 3979 622 4033 603
638 3973 852 4030 introducuntur
866 3975 938 4029 Por.
956 3972 1095 4029 Victorini.
1113 3972 1153 4028 hii
1172 3989 1236 4044 pro-

124 4057 262 4113 ducuntur
278 4058 445 4113 Atdbetmus.
468 4059 598 4113 tortitudo
615 4058 753 4114 ducuntur
772 4058 851 4116 Gotb.
874 4059 1013 4113 Victorini.
1030 4059 1115 4112 sortes
1131 4057 1236 4112 ducun-

124 4149 166 4197 tur
183 4142 390 4198 Lindcmoanus
475 4144 560 4214 legati
571 4143 778 4198 Minturnenses
792 4142 960 4199 didiscimus.
975 4141 1051 4198 Goth.
1076 4141 1143 4197 Vict.
1158 4141 1236 4213 ligati

123 4228 302 4282 lnturnenses
327 4227 397 4283 Por.
425 4225 560 4282 Victorini
663 4232 716 4287 604
742 4228 858 4283 crateris
886 4227 1054 4283 Nannenus.
1081 4226 1235 4281 crateribus

123 4311 247 4367 Dornut.
279 4311 339 4369 Vat.
359 4311 422 4379 (sed
436 4312 463 4365 in
478 4313 523 4367 illo
538 4312 585 4366 olli
601 4313 753 4368 crateribus
769 4314 798 4366 in
813 4314 932 4380 rasura)
1019 4316 1153 4366 auserunt
1173 4307 1235 4365 Vct.
