2834 4988
584 396 938 464 Tnhuo'nuntnvu

690 570 821 642 Vlll**

652 690 861 783 Agamemno

214 802 277 863 265
305 793 389 885 ‘ligo
414 793 596 895 proiectum
625 793 714 886 quod
743 797 778 863 tn
803 815 939 886 peccas:
972 796 1008 864 tu
1038 796 1216 890 delinquiS,
1245 820 1313 890 ego

864 898 1013 991 arguor?

211 997 216 1008 '
304 1001 369 1071 Pro
388 999 569 1071 malefactis
588 1002 715 1072 Helena
733 1003 862 1086 redeat,
883 1002 983 1093 uirgo
1000 1007 1114 1092 pereat
1132 1002 1315 1073 innocens?

304 1104 377 1173 Tria
392 1104 623 1176 reconcilietur
638 1128 739 1191 uxor,
768 1105 842 1176 mea
862 1107 998 1175 necetur
1018 1105 1109 1176 iilia?

716 1239 793 1311 IX*

303 1357 372 1427 Eos
392 1356 504 1427 reduci
523 1358 621 1451 quam
643 1358 798 1453 relinqui,
824 1359 942 1431 de'uehi
964 1383 1061 1454 quam
1082 1360 1190 1430 de'seri

304 1460 413 1530 Malui.

707 1562 739 1632 X
755 1562 797 1600 Η

216 1687 278 1748 270
306 1677 373 1748 lam
393 1676 628 1749 domuitionem
649 1679 750 1773 re'ges
771 1681 909 1753 Atridae
927 1684 1055 1772 parant.
1159 1732 1160 1737 .

126 1928 129 1935 ,
199 1881 364 1930 nuntiatione.
396 1882 492 1931 Ennius
505 1882 532 1930 in
545 1881 682 1949 Iphigenia
698 1885 753 1933 ...’
823 1885 885 1935 VIII
904 1883 1053 1932 Rufinianus
1067 1881 1131 1931 ibid.
1145 1882 1162 1944 S
1175 1879 1208 1930 37
1222 1895 1247 1945 p.
1261 1882 1313 1931 222

199 1949 300 2000 Ruhnk.
323 1952 462 2016 ‘syncrisis
481 1951 541 2002 siue
551 1951 701 2014 antithesis,
723 1956 880 2020 comparatio
899 1968 983 2003 rerum
999 1959 1074 2016 atque
1086 1963 1254 2017 personarum
1273 1952 1312 1998 in-

198 2030 237 2070 ter
251 2036 279 2069 se
293 2022 488 2083 contrariarum,
507 2029 548 2070 ut:
569 2023 629 2088 ego'
650 2039 672 2072 e.
689 2039 714 2086 q.
729 2040 751 2074 s.
786 2025 841 2074 Huc
859 2024 936 2075 refert
956 2022 1080 2072 Columna
1150 2018 1186 2068 IX
1208 2019 1312 2069 Diome-

199 2089 244 2139 des
267 2090 289 2138 II
311 2106 337 2156 p.
358 2091 408 2141 441
427 2091 455 2141 Ρ.
482 2083 724 2156 ‘dpotosiiensos'
749 2094 880 2145 Charisius
899 2095 934 2143 IV
958 2108 984 2158 p.
1006 2093 1055 2142 251
1078 2090 1106 2140 P.
1138 2088 1202 2154 (167
1221 2087 1313 2149 Lind.)

200 2148 441 2224 ‘riporore'lsorov'
464 2161 577 2211 Donatus
591 2161 623 2212 de
639 2163 811 2214 schematibus
824 2180 851 2230 p.
869 2165 937 2215 1774
949 2162 977 2212 P.
999 2161 1047 2228 (32
1058 2156 1149 2224 Lind.)
1171 2147 1313 2222 ‘opomer-

199 2228 309 2278 isvsor'
340 2231 411 2280 Beda
428 2232 454 2280 in
468 2231 542 2281 Rhet.
558 2232 613 2281 Lat.
628 2231 694 2281 Pith.
711 2249 737 2298 p.
752 2233 804 2285 345
823 2223 1061 2298 ‘dpotore'isnrov'
1096 2228 1206 2278 Ennium
1226 2235 1314 2278 aucto-

199 2314 253 2348 rem
271 2300 385 2366 appellat
404 2301 474 2350 solus
490 2300 643 2359 DIomedes3
665 2302 795 2352 Ennianae
808 2304 959 2369 Iphigeniae
977 2300 1090 2351 attribuit
1107 2297 1136 2348 Ο.
1154 2296 1313 2347 Ribbeoliius

198 2369 264 2418 conl.
278 2371 337 2418 Eur.
353 2369 405 2420 372
419 2369 471 2421 495
485 2371 536 2421 515
605 2371 631 2420 Χ
648 2371 723 2422 libet.
743 2373 776 2422 ad
789 2373 945 2423 Herennium
959 2372 994 2420 llI
1009 2370 1052 2429 21,
1068 2368 1103 2419 34
1128 2370 1200 2416 ‘cum
1219 2369 1313 2418 uerbo-

198 2454 255 2487 rum
272 2439 454 2489 similitudines
469 2439 625 2505 imaginibus
638 2442 783 2506 exprimere
799 2442 931 2502 uolumus,
951 2442 1009 2506 plus
1028 2438 1124 2505 negotii
1140 2438 1313 2502 suscipiemus

198 2516 223 2558 et
240 2509 323 2573 magis
343 2509 474 2575 ingenium
492 2515 605 2558 nostrum
626 2511 811 2560 exercebimus.
847 2512 876 2562 Id
890 2526 936 2561 nos
949 2511 998 2560 hoc
1015 2508 1092 2558 modo
1108 2506 1193 2557 lacere
1211 2514 1313 2572 oporte-

199 2578 249 2626 bit:
270 2578 332 2626 iam
401 2587 528 2643 parant.
557 2580 586 2631 ln
603 2581 687 2646 prImo
703 2580 757 2630 loco
772 2583 925 2632 constituere
942 2587 1041 2645 oportet
1055 2592 1146 2627 manus
1165 2576 1197 2625 ad
1212 2576 1312 2626 caelum

199 2646 329 2697 tollentem
342 2647 495 2709 Domitium,
516 2664 573 2698 cum
588 2664 603 2699 a
614 2649 720 2715 regibus
733 2651 835 2700 Marciis
848 2651 910 2700 loris
930 2651 1058 2700 caedatur.
1096 2647 1149 2696 lloc
1169 2646 1230 2695 erit:
1251 2647 1313 2696 iam

199 2717 436 2768 domuitionem
455 2734 557 2785 reges.
594 2720 622 2768 ln
635 2719 715 2769 altero
731 2720 787 2769 loco
800 2722 962 2786 Aesopum
977 2727 1007 2769 et
1020 2717 1178 2768 Cimbrum
1196 2716 1313 2765 subor-

198 2785 496 2853 nareIphigeniam
514 2787 607 2838 uelut
626 2798 761 2854 ugentes
779 2790 1046 2855 Agamemnonem
1067 2794 1097 2836 et
1119 2785 1311 2836 Menelaum.

197 2856 252 2907 IIoo
267 2856 328 2905 erit:
349 2857 481 2908 Atridae
496 2864 621 2923 perant.
646 2858 701 2907 Hoc
714 2859 789 2909 modo
805 2861 890 2909 omnia
903 2859 983 2910 uerba
998 2865 1070 2908 erunt
1086 2856 1227 2921 expressa!
1254 2854 1313 2922 (Sic

198 2925 228 2977 0.
248 2925 414 2977 Ribbeckius.
445 2927 628 2978 subornari
648 2935 679 2976 ut
697 2926 735 2977 ad
759 2922 969 2995 e'phigenIam
991 2928 1022 2976 in
1047 2939 1313 2992 agamemnonem

198 3002 228 3046 et
246 2996 425 3047 menelaum
445 2998 502 3047 Par.
522 2996 612 3046 Bamb.
629 3011 645 3046 5
665 2997 746 3057 Fris,
771 2999 821 3048 nIsi
842 2998 911 3062 qnod
931 2996 1089 3048 menalum
1111 2994 1176 3043 Fris.
1198 2994 1313 3044 subor-

198 3067 267 3116 nari
288 3072 320 3115 nt
344 3067 382 3117 ad
407 3067 617 3133 ephigeniam
640 3067 671 3115 in
694 3082 826 3133 agamen
853 3065 919 3118 niem
943 3069 967 3117 it
989 3065 1165 3116 menelaum
1186 3064 1311 3113 Wuerzb.

198 3136 369 3187 subornari
388 3144 422 3185 ut
441 3136 491 3187 uel
508 3141 682 3202 uagantem
702 3137 911 3204 ephigeniam
930 3136 1035 3204 (ceteris
1049 3131 1166 3197 omissis)
1180 3132 1271 3183 Bamb.
1287 3133 1311 3183 b.

197 3206 371 3256 subornari
393 3214 429 3255 ut
449 3205 490 3256 ad
511 3205 729 3271 epbygenicm
747 3208 969 3273 udnagantem
988 3217 1262 3272 agamemnonem
1283 3211 1313 3253 et

197 3275 383 3327 menelaum
403 3275 489 3325 Tross.
519 3275 694 3326 subornari
718 3284 751 3325 ut
778 3276 987 3343 ephIgeniam
1010 3281 1184 3342 uagantem
1206 3270 1314 3339 (ceteris

240 3471 293 3527 265
317 3466 457 3538 delin'quis
472 3463 639 3537 Stephanus.
654 3464 801 3536 delinquas
820 3467 879 3521 ‘eth
893 3467 986 3522 uctas’
1074 3471 1173 3535 uirgo
1196 3464 1312 3533 plectar,

199 3559 228 3608 tu
244 3551 410 3622 delinquas;
434 3557 462 3604 tu
478 3565 591 3621 pecces,
608 3565 662 3620 ego
678 3547 800 3621 arguar?
814 3550 957 3607 Porsonas
971 3551 1070 3606 Tracta
1089 3549 1147 3602 und
1160 3550 1237 3602 misc.
1251 3549 1313 3602 crit.

193 3656 226 3710 p·
249 3640 302 3696 ³03
322 3635 407 3694 Kidd.
494 3629 618 3705 arguor?
639 3635 692 3688 Pro
714 3634 854 3708 Berplrius
875 3637 893 3691 i.
918 3636 936 3691 i.
955 3653 989 3708 p.
1012 3632 1103 3690 XIII.
1135 3649 1239 3704 arguor
1260 3648 1312 3704 pro

197 3722 280 3795 palpo
375 3722 428 3780 567
458 3733 521 3772 mea
549 3723 663 3772 necetur
688 3718 746 3774 lilia
772 3719 912 3776 Columna.
937 3736 1001 3775 mea
1024 3724 1142 3791 negetur
1166 3717 1224 3772 lilia
1249 3732 1313 3771 mea

199 3806 256 3861 ‘eth
274 3807 366 3862 uetus'
452 3805 505 3861 268
526 3802 579 3857 hos
595 3801 737 3860 Charisius
823 3803 921 3860 reduci
941 3802 1160 3860 Diomedontis
1175 3819 1194 3856 a
1209 3801 1312 3857 Lirtde-

199 3906 300 3946 manno
315 3889 354 3945 ad
368 3887 452 3945 Char.
474 3888 525 3941 hl.
543 3888 635 3952 asciti,
658 3888 762 3944 Donati
774 3890 835 3944 cod.
852 3888 1038 3945 Sertorianae
1054 3905 1090 3947 m.
1108 3888 1171 3956 alh,
1195 3885 1316 3943 morsui

200 3977 244 4032 ed.
250 3993 301 4048 pr.
318 3973 416 4030 seduci
434 3971 555 4029 Charisii
567 3972 628 4027 cod.
644 3971 747 4028 deduci
761 3975 836 4047 ualp.
849 3974 934 4030 Char.
950 3981 976 4029 et
986 3975 1076 4030 Diam.
1094 3971 1192 4027 reuehi
1209 3970 1316 4026 Donati

199 4061 260 4118 cod.
274 4059 353 4116 Sani.
368 4075 406 4113 m.
416 4074 466 4129 pr.
553 4056 635 4112 deuel
653 4073 735 4128 quam
752 4057 847 4114 deseri
862 4058 932 4114 Par.
947 4077 965 4115 u
982 4059 1130 4115 Diomedis.
1146 4057 1211 4111 deni
1228 4071 1313 4126 quam

200 4145 293 4202 deseri
317 4144 378 4200 cod.
400 4141 528 4199 Charisii.
551 4140 671 4214 denique
693 4142 787 4198 deseri
809 4143 852 4200 ea.
873 4162 923 4216 pr.
948 4144 1074 4200 Charisii.
1104 4140 1202 4197 reuehi
1228 4156 1313 4211 quam

201 4231 295 4287 deseri
317 4229 397 4285 Beda
482 4230 536 4286 270
557 4226 757 4284 domuitionem
783 4229 927 4285 Victorius.
953 4228 1028 4283 domi
1049 4229 1178 4283 ultionem
1195 4231 1314 4297 amque

200 4317 258 4372 loco
273 4314 350 4386 libri,
371 4314 426 4370 nisi
438 4312 512 4387 qaod
523 4312 610 4369 attera
628 4312 714 4368 domn
730 4313 848 4369 ultiones
869 4314 998 4370 Waerzb.
1016 4319 1042 4369 et
1055 4314 1126 4368 Par.
1142 4328 1180 4365 m.
1189 4326 1241 4381 pr.
