2834 4988
142 436 239 484 LXXX
539 428 850 496 ovnastton'as

143 595 238 673 posita
265 590 361 650 subito
389 591 633 669 adgrederentur,
667 599 714 673 qui
744 597 816 655 intra
839 596 943 655 uallum
967 604 1050 656 eraut
1068 611 1188 671 omnes,
1216 613 1248 654 ne

142 699 265 758 consule
289 699 404 777 quidem
427 710 572 778 excepto,
593 705 736 761 communi
757 713 871 762 terrore
896 701 1010 782 abrepti
1029 702 1065 762 ad
1087 719 1168 761 mare
1185 719 1249 761 con·

141 804 267 882 fugiunt:
297 825 368 864 artata
395 815 528 866 remansit
546 811 586 867 Μ.
611 813 732 869 Licinius
752 816 852 870 Strabo
880 816 1005 870 tribunat
1023 815 1137 869 nubtum
1160 816 1251 869 tertiae

140 918 251 988 lepiom's
273 932 334 970 carro
363 918 450 971 tribus
476 922 561 990 apriis
588 920 624 974 ab
649 920 754 991 topicae
779 936 832 975 stra
854 923 980 976 relictus:
1015 920 1091 976 banc
1111 922 1141 976 in
1161 936 1249 976 uacua

140 1029 235 1076 castra
255 1023 355 1093 impetu
375 1023 452 1094 farto
466 1024 566 1094 Histri,
587 1043 648 1080 cum
666 1028 739 1080 alias
759 1035 885 1082 armatas
903 1030 942 1082 eis
961 1043 1041 1082 acmo
1056 1028 1167 1082 obuiam
1179 1029 1249 1092 isset,

141 1133 169 1182 in
182 1130 326 1198 practorio
344 1130 520 1185 maritantem
542 1140 623 1204 atquae
643 1132 834 1188 «altercantem
856 1149 921 1189 suos
935 1139 1151 1206 oppresserunt.-
1166 1147 1250 1203 proc-

140 1235 204 1288 iium
223 1236 345 1288 atrocius
363 1253 447 1306 quom
463 1255 521 1308 pro
538 1243 680 1309 paucitate
701 1242 881 1294 resistentiam
899 1239 956 1311 suit
978 1246 1044 1293 nec'
1058 1245 1123 1294 ante
1146 1240 1249 1310 finitum

140 1349 181 1396 est
194 1358 275 1412 quum
290 1340 416 1396 tribunae
429 1344 540 1398 militam
554 1349 653 1417 qaoque
667 1350 744 1400 circo
760 1362 820 1402 eram
836 1348 1014 1400 corastiteruot
1028 1345 1169 1418 interfecti
1179 1350 1248 1400 sunt.

141 1445 179 1504 At
198 1443 302 1503 tribuni
325 1461 429 1503 nornen
451 1463 508 1504 non
539 1448 690 1506 conuenit:
722 1466 806 1525 quern
829 1449 926 1508 Liuius
948 1447 1107 1524 bicinium·
1129 1445 1246 1522 Ennius,

141 1554 165 1611 si
181 1549 331 1610 diacrobio
355 1552 432 1628 (Sat.
456 1552 537 1612 V13
561 1572 588 1631 p.
612 1554 674 1614 516
695 1555 774 1633 dan.)
795 1556 883 1631 fides,
909 1554 1022 1616 Ceiium
1043 1553 1092 1614 uei
1116 1552 1247 1614 Coelium

140 1659 312 1737 adpetiaoit:
337 1677 389 1736 pro
412 1677 470 1737 quo
493 1659 602 1719 Merula
626 1660 660 1722 C.
685 1661 800 1721 Aelium
823 1665 966 1741 reposuit,
990 1682 1054 1722 cum
1076 1640 1174 1721 Liuio}
1198 1663 1246 1721 ini·

140 1769 181 1826 tio
203 1765 274 1825 beiti
296 1764 358 1824 XLl
389 1766 414 1825 1.
447 1767 465 1824 4
498 1765 530 1825 Τ.
552 1777 580 1825 et
600 1767 633 1827 C.
658 1768 762 1828 Aelios
783 1767 914 1827 tribunos
937 1768 1076 1828 attulerit.
1122 1768 1248 1829 Neuiu-

141 1872 293 1954 probabiie
321 1871 388 1930 mibi
414 1871 528 1950 quidem
553 1874 666 1934 uidetur
698 1876 724 1933 in
746 1873 821 1935 Catii
845 1877 959 1934 nomine
982 1873 1016 1935 G.
1040 1876 1155 1937 Aelium
1177 1877 1247 1939 deli·

139 1991 272 2057 tescere,
298 1982 361 2039 siue
383 1979 548 2039 Macrobius
571 1981 628 2040 boc
650 1998 754 2040 nomen
777 1983 858 2040 cuius
877 1999 914 2039 ex
936 1981 1062 2042 Histrico
1084 1983 1167 2044 betto
1190 2002 1247 2043 nte·

139 2092 268 2149 minisset
293 2105 347 2167 pro
370 2087 479 2147 Licinio
505 2088 618 2165 posuit,
644 2089 707 2146 siue
730 2086 839 2146 Ennius
875 2104 926 2145 eas
955 2086 1130 2149 defendendi
1153 2099 1246 2150 castra

138 2206 237 2275 partes
263 2194 296 2255 C.
320 2195 423 2269 Aelio,
452 2213 508 2254 non
534 2195 642 2254 Licinio
665 2193 772 2254 tribuit.
818 2193 857 2252 At
881 2195 999 2270 grauius
1027 2204 1072 2253 est
1101 2196 1180 2274 quod
1203 2197 1248 2255 cni

139 2305 325 2381 ascripsimus
348 2319 452 2359 uersus
474 2302 727 2361 duodeuicesimus
748 2301 859 2360 annalis
879 2300 958 2359 nulia
980 2300 1119 2361 librorum
1140 2321 1246 2362 merno-

138 2414 180 2471 ria
211 2410 345 2469 traditur:
379 2425 500 2487 quorum
529 2407 699 2466 Parisiensis
727 2405 754 2464 id
785 2407 862 2484 quod
890 2409 958 2467 oiim
986 2407 1245 2485 uolgabaturX11‚

138 2517 241 2576 reticui
257 2515 310 2574 XV
334 2514 484 2592 praebent.
530 2515 575 2574 De
600 2514 784 2587 duodecimo,
810 2514 944 2590 quoniam
967 2512 1035 2574 Xlll
1058 2523 1088 2574 et
1108 2513 1177 2574 XlV
1198 2533 1246 2574 an·

138 2623 220 2682 nates
242 2621 350 2680 bellum
373 2621 523 2696 Syriacum
549 2620 729 2700 occupabat,
753 2620 875 2695 cogitari
896 2620 1014 2699 nequit:
1036 2639 1134 2700 neque
1155 2623 1245 2698 magis

139 2730 275 2788 conuenit
294 2727 358 2802 XV,
386 2745 444 2805 quo
467 2729 551 2788 nobis
571 2727 660 2787 biarci
683 2726 776 2786 Fuluii
795 2743 843 2785 res
863 2735 1001 2787 tractatas
1016 2727 1108 2788 fuitse
1127 2747 1245 2808 persua·

138 2837 236 2895 simus.
287 2832 417 2912 Cumque
448 2835 514 2894 XVI
547 2845 576 2894 et
609 2832 689 2892 XVli
719 2832 809 2892 iibros
844 2831 999 2911 probabile
1031 2836 1069 2893 sit
1104 2835 1132 2892 io
1165 2834 1245 2894 aunis

137 2942 305 3003 ott-573
328 2950 462 3000 uersatos
484 2961 563 3018 esse,
588 2940 657 3000 nihii
681 2939 809 2999 relicuae
830 2938 973 2999 annalium
992 2940 1177 3020 dispositioni
1197 2939 1244 2999 ad·

137 3049 346 3111 commodatius
375 3057 421 3107 est
450 3067 534 3126 quam
559 3066 614 3129 pro
641 3046 695 3107 Xli
726 3047 805 3125 (siue
833 3045 902 3125 XV)
933 3047 1037 3125 reponi
1058 3048 1152 3109 XilX.
1198 3046 1243 3107 ct.

136 3156 264 3216 Ritterus
287 3157 306 3215 l.
331 3155 351 3214 Ι.
375 3174 403 3234 p.
425 3154 496 3216 388.
903 3154 906 3159 ’

222 3263 342 3323 Restant
365 3271 519 3353 ppaeterea
543 3261 600 3320 duo
625 3262 708 3321 buius
728 3261 793 3320 iibri
816 3261 937 3320 frustula
959 3259 1094 3338 latin,
1123 3280 1244 3342 quorum

136 3371 194 3430 boc
216 3372 355 3429 incertum
379 3379 440 3443 est,
471 3370 540 3428 iliud
561 3370 595 3429 ad
620 3377 715 3427 castra
737 3367 930 3428 Romanorum
953 3369 979 3426 iu
1000 3366 1162 3429 Histrorum
1185 3368 1243 3428 tini·

136 3477 190 3535 bus
215 3479 308 3555 posita
330 3475 513 3533 referendum
536 3476 659 3534 uidetur.

587 3810 713 3872 CAPVT
738 3811 793 3873 Vll

222 4001 341 4063 Tantum
365 4003 401 4062 de
421 4001 503 4063 Ennii
534 4005 619 4081 poesi
642 4005 742 4081 epica:
772 4021 856 4080 quem
882 4013 1002 4082 praeter
1022 4002 1149 4091 annates
1168 4002 1242 4081 epici

136 4112 254 4188 generis
280 4111 347 4170 nihii
377 4111 503 4169 edidisse
533 4111 605 4169 inira
632 4111 772 4169 euincam.
818 4109 855 4168 At
876 4112 904 4169 in
924 4111 1041 4170 scenica
1064 4118 1128 4169 arte
1150 4109 1241 4169 maiti-

135 4217 220 4296 pticis
240 4219 346 4293 ingenii
366 4224 453 4293 poeta
470 4217 642 4291 (damnauit,
664 4216 772 4294 dispari
789 4217 903 4294 quidem
922 4217 1017 4276 studio
1033 4235 1068 4276 ac
1083 4234 1240 4276 successu:

135 4324 249 4401 quando
277 4324 446 4400 tragoediae
479 4333 509 4383 et
541 4324 648 4382 multae
682 4324 748 4382 olim
785 4322 1062 4384 circumferebantur
1095 4332 1126 4383 at
1148 4322 1241 4383 -rnulta
