2834 4988
195 380 258 446 120
579 385 929 444 TRAGOEDIARVM

403 555 538 650 Coge'ns
558 555 697 626 sublime
715 554 812 626 etiam
833 557 932 651 aitque
950 555 1047 627 etiam

404 660 517 732 Noctis
535 660 606 731 iter.
735 760 763 830 Π

646 882 856 974 Agamemno

400 983 565 1054 Procede:
592 984 734 1078 gradum
756 983 907 1076 prole'rre
926 983 1048 1075 pedum

403 1086 530 1157 Nite're:
558 1109 690 1173 cessas,
718 1087 827 1158 ofide
844 1087 972 1158 senex?

714 1224 756 1294 ΠΙ
771 1220 787 1258 ¹l¹

211 1347 272 1409 250
405 1339 578 1434 [Gallique]
600 1343 714 1412 fauent
735 1340 885 1412 lancibus
905 1338 1011 1408 russis

404 1442 524 1529 Cantii,
553 1444 740 1538 plausuque
760 1443 913 1537 premunt
934 1442 1015 1512 alas.

727 1582 775 1652 IV

688 1699 818 1772 Chorus

350 1794 435 1868 'Otio
459 1798 514 1891 qui
537 1800 642 1872 ne'scit
663 1804 727 1889 nti,
755 1803 831 1896 pitis
853 1797 968 1892 negoti
988 1796 1097 1881 habet,

298 1901 405 1984 Quam
428 1899 629 1997 [negotioso]
652 1907 704 1977 cui
726 1910 777 1977 est
796 1902 967 1997 negotium
989 1900 1022 1970 in
1044 1897 1191 1993 negotio.

297 2005 380 2074 Nam
395 2004 447 2074 cui
466 2006 555 2098 quod
571 2013 651 2100 agat
670 2010 894 2092 institutumst,
917 2004 1008 2075 nullo
1028 2001 1146 2096 [quasi]
1168 1999 1306 2093 negotio

195 2220 222 2269 c,-
238 2208 254 2256 2
270 2221 296 2271 p.
313 2206 360 2256 111
379 2206 444 2257 Oud.
466 2209 649 2274 ‘suspicientes
666 2213 691 2261 iu
705 2211 754 2261 hoc
766 2209 954 2277 perfectissimo
969 2204 1091 2264 mundi,
1111 2211 1138 2252 ut
1151 2202 1306 2260 nullumne,

195 2273 317 2340 clipeo,
337 2278 409 2327 miris
425 2276 568 2344 fulgoribus
581 2283 681 2331 uariata
694 2280 853 2332 caelamina·
924 2279 947 2326 ll
969 2278 1059 2326 Festus
1073 2289 1099 2339 p.
1117 2270 1167 2324 249
1181 2271 1214 2320 M.
1235 2273 1306 2336 ‘pe-

195 2344 266 2394 dum
285 2353 323 2394 est
339 2348 441 2409 quidem
455 2349 574 2398 baculum
590 2351 737 2410 ineurunm,
763 2365 812 2414 quo
826 2357 943 2416 pastores
955 2352 1059 2395 utuntur
1072 2371 1107 2381 -
1119 2371 1153 2379 —
1166 2367 1201 2377 -
1218 2340 1266 2390 sed
1280 2341 1306 2389 in

195 2428 226 2464 ²⁰
240 2430 318 2464 ⁰⁶s⁸¹1
331 2417 374 2479 qui
388 2423 426 2466 est
439 2417 466 2465 in
480 2418 616 2485 Iphigenia
628 2420 707 2471 Enni:
727 2420 868 2486 procede
962 2414 1091 2466 cessas?
1110 2413 1137 2463 id
1155 2412 1240 2476 ipsum
1260 2409 1306 2459 ba-

196 2482 281 2533 culum
300 2485 440 2550 significari
460 2502 517 2537 cum
535 2489 570 2537 ait
581 2490 702 2550 Verrius,
721 2491 809 2539 mirari
830 2489 892 2539 satis
907 2502 958 2537 non
976 2499 1096 2552 possum,
1115 2498 1172 2532 oum
1191 2481 1224 2530 sit
1243 2479 1306 2529 ordo

195 2552 267 2613 talia,
292 2561 317 2604 et
334 2569 381 2620 per
400 2570 458 2604 eum
476 2557 630 2623 significatio
651 2568 754 2626 aperta,
773 2560 909 2625 gradum
928 2555 1081 2623 proferre
1100 2552 1216 2618 pedum
1233 2565 1306 2598 ces-

196 2622 268 2672 sae?
284 2624 408 2674 nitere)
433 2624 482 2691 (cl.
504 2627 535 2677 li.
551 2628 648 2679 Kailios
666 2629 683 2678 l.
703 2628 720 2677 l.
740 2643 767 2694 p.
781 2627 847 2693 623)
880 2626 966 2677 Schol.
989 2626 1084 2674 Veron.
1106 2624 1132 2672 in
1150 2622 1228 2685 Verg.
1250 2619 1304 2668 Eoi.

195 2692 221 2752 5»
235 2689 309 2757 831³·
323 2693 357 2743 72
373 2694 437 2744 Keil·
464 2696 574 2762 ‘pedum
588 2706 672 2750 autem
686 2705 724 2748 est
737 2697 857 2748 baculum
871 2710 1018 2753 recuruum,
1037 2707 1087 2756 quo
1101 2699 1218 2758 pastores
1231 2695 1307 2738 utun-

184 2768 236 2810 'tur
255 2759 293 2826 [ut
306 2763 392 2828 operis
405 2764 542 2831 auxilium]
563 2777 606 2817 aut
620 2767 803 2818 adminiculum
816 2768 912 2833 pedum
925 2767 972 2824 sit,
991 2771 1018 2813 ut
1035 2763 1070 2812 ait
1083 2762 1179 2810 Ennius
1192 2760 1217 2808 in
1232 2757 1307 2824 llige-

195 2831 253 2879 uia:
271 2832 392 2898 gradum’
411 2850 433 2884 e.
445 2849 470 2897 q.
482 2851 503 2884 s.
577 2838 612 2886 ΙΙΙ
633 2837 721 2888 Cicero
734 2837 766 2887 de
781 2837 834 2887 diu.
851 2838 873 2886 ll
891 2835 933 2895 26,
947 2835 981 2885 57
1002 2837 1132 2881 ‘curante
1146 2831 1228 2879 lucem
1243 2828 1306 2895 galli

195 2907 286 2950 canant
306 2938 352 2972 1⁹·
373 2905 418 2966 qui
437 2905 540 2967 quidem
559 2906 660 2956 silentio
681 2907 779 2966 noctis,
803 2915 831 2956 ut
853 2908 888 2956 ait
907 2905 1018 2962 Ennius,
1042 2901 1169 2952 faueut'
1194 2915 1217 2948 e.
1236 2914 1261 2961 q.
1282 2913 1324 2948 aa

194 2970 250 3020 lino
268 2970 346 3022 refert
366 2971 395 3022 0.
411 2972 722 3026 Ribbeckiusconl.1lur.
738 2976 855 3042 Iphigll
873 2973 962 3026 etlbss
1032 2973 1067 3021 lV
1087 2970 1184 3021 Gellius
1197 2968 1260 3018 xlx
1273 2967 1307 3019 10

195 3040 341 3110 “admonuit
361 3043 387 3091 in
408 3044 542 3109 tragoedia
561 3060 662 3108 quoque
675 3046 755 3106 Enni,
776 3061 841 3110 quae
854 3043 990 3112 Iphigenia
1009 3042 1133 3106 inscripta
1148 3048 1201 3098 est,
1219 3038 1247 3087 id
1265 3039 1307 3104 ip-

195 3124 251 3159 sum
269 3111 301 3161 de
325 3125 374 3173 quo
398 3113 578 3176 quaerebatur'
602 3114 652 3179 (sc.
673 3115 829 3166 uocabulum
848 3106 1141 3182 praeterpropter)
1168 3109 1306 3174 ‘scriptum

194 3194 251 3231 esec
271 3216 342 3229 .....
364 3181 397 3230 in
417 3183 486 3232 eius
505 3185 700 3250 tragoediae
720 3186 819 3236 choro
844 3186 980 3250 inscriptos
995 3198 1052 3232 esse
1066 3180 1113 3231 hos
1132 3194 1223 3229 uersus
1241 3178 1307 3245 legi-

193 3264 265 3300 mus:
286 3247 447 3317 [aaa-259]
545 3256 656 3320 petimus
668 3256 747 3322 igitur
760 3255 831 3305 dicas
849 3292 887 3305 ...
905 3255 948 3317 qui
962 3255 995 3302 eit
1008 3260 1082 3302 notus
1096 3250 1202 3300 huiusce
1214 3263 1307 3298 uersus

201 3440 302 3496 Varro.
319 3443 446 3512 supera[t
461 3443 546 3510 temo]
565 3442 665 3499 Festus
750 3448 802 3502 146
825 3460 931 3516 cogens
948 3441 1065 3497 sublime
1082 3439 1165 3493 etiam
1186 3436 1216 3493 G.
1234 3435 1306 3493 Her-

193 3540 312 3580 mannus
329 3526 368 3580 od
386 3526 457 3580 Eur.
473 3525 566 3599 Iphiq.
588 3527 652 3584 Aut.
666 3532 692 3586 8.
716 3530 810 3584 stellas
834 3529 952 3584 sublime
976 3541 1083 3597 cogens
1105 3526 1209 3595 (agens
1226 3522 1305 3579 uoto

193 3609 263 3664 Por.
280 3626 298 3663 α
309 3609 339 3677 b)
354 3610 438 3665 etiam
452 3610 523 3665 iibri.
540 3613 635 3667 stellas
653 3628 759 3683 cogens
778 3614 895 3668 sublime
914 3612 995 3666 etiarn
1012 3609 1136 3681 Scaliger
1220 3611 1306 3667 niso

194 3693 251 3749 fide
272 3709 361 3749 senex
381 3694 521 3766 Bcrqlcius
542 3695 606 3751 Ind.
629 3698 688 3752 lect.
709 3697 802 3753 Mari).
823 3701 891 3752 uest.
914 3701 983 3754 1844
1001 3713 1035 3766 p.
1049 3692 1121 3750 XII.
1145 3708 1161 3746 o
1182 3692 1238 3746 lide

195 3777 287 3834 Schol.
325 3779 441 3842 Veron..
475 3796 529 3834 om.
555 3780 653 3836 Festus
739 3788 791 3840 150
819 3782 940 3854 gallique
968 3779 1151 3853 supplendum
1173 3778 1309 3849 proponit

198 3862 228 3919 O.
244 3862 410 3919 Ribbeclcius
494 3870 547 3922 151
562 3879 621 3936 sqq.
652 3865 755 3923 Vernus
777 3862 1165 3930 consternationem,
1188 3879 1307 3934 quorum

192 3953 244 4006 151
264 3953 290 4003 et
309 3953 361 4007 156
376 3949 543 4020 proeiuerot
561 3949 699 4022 Berqlcr'us
783 3957 836 4011 153
866 3967 949 4023 quam
967 3967 1030 4005 oum
1053 3955 1097 4004 est
1113 3948 1256 4018 negotium
1278 3947 1307 4001 in

193 4032 306 4105 negotio
322 4032 393 4088 libri.
417 4049 500 4104 quarn
519 4034 581 4101 ille,
605 4036 652 4106 qui
668 4044 711 4093 est
724 4038 888 4109 negotiosus
903 4035 992 4091 arduo
1014 4035 1042 4089 in
1059 4034 1171 4105 negotio
1190 4030 1221 4086 0.
1240 4031 1307 4087 Rio-

193 4117 314 4173 becuns.
339 4133 423 4189 qnam
448 4134 510 4172 curn
537 4119 599 4191 quis
628 4124 774 4192 negotioso
801 4123 883 4176 luerit
907 4123 934 4175 in
963 4121 1076 4192 negotio
1108 4117 1221 4173 Vossius

192 4207 245 4261 154
266 4203 342 4258 nullo
367 4203 447 4273 qnasi
468 4205 580 4275 negotio
599 4204 628 4261 0.
644 4206 817 4265 namnum.
842 4207 869 4261 in
892 4207 938 4261 illo
962 4206 1075 4276 negotio
1094 4203 1183 4275 Lupo.
1205 4204 1234 4259 in
1257 4204 1305 4257 ilio

192 4287 335 4363 negotium
352 4287 477 4361 Franeq.
494 4289 522 4344 in
540 4291 595 4348 illis
611 4288 724 4363 negotii
746 4292 826 4349 Voss.
841 4293 916 4347 nullo
931 4291 1044 4362 negotio
1057 4288 1138 4363 uulgo
