2834 4988
615 398 846 457 ENNIANAE
1158 403 1256 452 XXXV

145 569 210 629 dam
234 564 316 626 Fabii
340 566 463 625 I’ictoris
485 584 569 644 quam
592 564 751 639 Dionysius
776 562 868 623 llalic.
892 561 991 641 Antiq.
1016 560 1099 620 Rom.
1121 558 1195 620 179
1224 578 1252 639 p.

143 672 204 734 203
228 672 330 732 Reislr.
360 671 452 731 reiert
475 673 667 732 narrationem
694 687 889 749 componere:
920 659 1065 748 ἔγγυτίρο)
1096 665 1255 745 προσίεσαν

146 770 258 858 σἰθρόοι
280 771 475 856 δεδιττόμενοι
493 779 550 859 βοῇ
565 769 595 837 τὸ
618 776 736 857 θυρίον.
766 770 786 855 ἡ
807 773 840 836 δὲ
852 769 980 835 λύκαινα
992 764 1028 834 or’r
1048 767 1128 851 pata
1138 765 1253 852 clypeol-

143 901 238 946 νουσα
256 887 316 944 τῶν
332 873 505 963 ἀνθρώπων
521 887 558 966 τῇ
579 877 728 968 προσόδῳ,
749 872 811 944 o’cil'
834 874 931 961 ὥσπερ
947 872 986 940 dv
997 874 1164 960 χειροήθης,
1179 869 1253 939 ἄπο-

142 993 237 1051 σσᾶσα
259 993 319 1050 τῶν
327 992 447 1071 βρεφῶν
460 982 564 1069 ἠρέμα,
580 989 631 1050 καί
649 981 724 1050 κατὰ
740 981 853 1069 πολλὴν
865 978 989 1067 αἰίογίοιν
1009 992 1062 1048 τοῦ
1081 987 1256 1065 ποιμενικοῦ

142 1090 247 1176 ὁμίλου
269 1088 367 1180 σἰπῄει.
389 1095 440 1157 καί
455 1083 495 1175 ἦν
509 1093 567 1178 γοὶρ
589 1120 632 1170 τις
653 1089 690 1158 orl
711 1088 787 1158 πολὺ
801 1086 919 1174 ἆπίγοιν
939 1088 1015 1174 ἱερὸς
1031 1098 1124 1175 χῶρος
1139 1112 1166 1153 e.
1183 1111 1212 1172 q.
1228 1111 1252 1151 s.
1333 1170 1336 1189 Ι

144 1205 229 1264 Pueri
264 1222 281 1263 a
308 1201 447 1263 Faustulo
475 1206 589 1282 recepti
620 1204 778 1264 educantur
809 1205 884 1262 inter
916 1211 1067 1281 pastores:
1097 1201 1253 1262 certamIna

144 1312 310 1371 instituunt:
341 1309 399 1370 lroc
431 1310 505 1369 enirn
535 1309 676 1369 indicatur
704 1309 739 1369 ir.
766 1309 829 1370 LIV
861 1309 939 1372 cont.
971 1307 1075 1368 Ouidio
1111 1307 1189 1369 Fast.
1227 1306 1254 1368 II

144 1418 206 1480 365
237 1422 370 1479 Romulus
404 1427 432 1476 ct
457 1419 552 1492 frater
583 1422 791 1493 pastoralisque
816 1424 942 1477 iuuentus
971 1418 1077 1476 Solibus
1092 1403 1130 1473 ’et
1157 1435 1256 1491 compo

144 1545 267 1601 corporo
288 1528 365 1583 nuda
386 1526 499 1581 dabant.
545 1527 685 1583 Coestilras
709 1533 735 1582 ct
761 1529 859 1584 iaculis
888 1534 915 1583 ct
941 1529 1022 1583 misso
1045 1525 1172 1599 pondere
1190 1527 1257 1581 sacci

147 1635 289 1691 Bracchia
313 1649 369 1706 per
399 1634 477 1688 tusas
503 1633 674 1706 experienda
697 1633 818 1688 'dabant
870 1629 967 1708 Atque
999 1628 1074 1689 lraec
1107 1637 1254 1707 postrema

145 1736 341 1797 consideranti
364 1753 422 1795 non
444 1722 543 1813 inepte
564 1734 668 1794 uideor
694 1737 832 1796 conicere
857 1735 914 1796 lruc
938 1737 1086 1815 pertinere
1117 1754 1133 1796 a
1159 1734 1254 1795 Nonio

144 1860 174 1922 p.
200 1842 272 1919 211,
296 1841 463 1903 8scruatos
484 1840 648 1901 uersiculos
661 1853 735 1901 tanto
756 1846 879 1902 subtraas
897 1853 960 1903 mant
977 1848 1110 1920 Ααγαιίνο
1131 1851 1196 1901 tunc
1213 1846 1254 1900 ta-

140 1955 225 2026 ptdcs
248 1950 320 2028 (inc.
345 1949 408 2009 sed.
434 1945 607 2026 LXXVIII).

233 2056 373 2117 Latrones
409 2054 518 2134 praeda
555 2061 676 2113 onustos
696 2033 911 2131 ¹adgrediuntur
940 2053 1039 2134 (LV):
1079 2070 1164 2131 quam
1194 2069 1255 2112 rem

146 2162 255 2238 tangit,
287 2161 339 2222 scd
365 2163 404 2222 lta
433 2170 464 2220 ut
495 2161 644 2239 discrepet
665 2178 722 2220 non
745 2159 814 2221 nihil
843 2161 882 2221 alr
908 2161 1019 2237 Ennio,
1048 2158 1167 2219 Ouidius
1191 2157 1209 2217 l.
1234 2157 1253 2216 l.

140 2272 295 2342 pastoral
316 2261 503 2344 aaceuo‘par
529 2272 609 2327 deuio
636 2290 707 2327 rora
736 2276 866 2328 iuuencos
889 2271 1014 2340 Βουναία,
1034 2270 1205 2342 praedones,
1232 2264 1282 2323 el‘

146 2377 263 2433 Remct'
284 2377 356 2435 dr'oeit
381 2379 500 2450 ‘ayant’
550 2378 672 2451 donpam
692 2386 755 2435 erat
781 2380 897 2434 armori.
919 2378 1038 2434 diuersas
1059 2378 1117 2431 coit
1142 2380 1258 2447 uterque

145 2481 287 2540 Partilms.
322 2499 441 2542 occursu
456 2485 570 2556 praeda
585 2491 697 2557 recepta
720 2484 808 2540 Remi.
832 2477 878 2539 (ll.
902 2478 1025 2540 Iluiusl
1046 2480 1076 2539 4.

233 2582 353 2664 Capitur
376 2586 484 2646 Remus
507 2605 542 2646 ac
563 2586 715 2646 deducitur
739 2587 773 2647 ad
801 2586 954 2647 Amulium.
997 2586 1154 2647 Numitoris
1181 2590 1256 2647 enlm

146 2691 225 2751 nulla
247 2701 326 2771 puto
341 2693 415 2773 apud
438 2693 559 2753 Ennium
584 2694 692 2752 mentio
716 2693 777 2753 luit.
823 2692 931 2753 Verbis
951 2711 1025 2772 quac
1054 2693 1089 2753 lr.
1104 2693 1167 2754 LVI
1193 2695 1255 2754 elfi-

148 2802 225 2859 ciunt
244 2798 383 2860 Romulus
405 2800 442 2860 de
458 2800 572 2876 orlgine
596 2816 648 2858 sna
671 2797 706 2857 ab
731 2796 870 2858 Faustulo
894 2799 1016 2859 edoctus
1045 2799 1187 2860 Amulium
1214 2804 1255 2860 nl·

147 2905 232 2965 detur
254 2904 416 2985 adpellare,
440 2905 518 2984 quod
542 2922 642 2984 parum
662 2905 824 2965 clementer
846 2903 966 2964 llemum
998 2922 1084 2984 quem
1112 2906 1249 2981 Ignorare

147 3020 312 3072 tractasset.
797 3080 800 3086 ,

232 3115 277 3176 Εο
301 3118 370 3179 loco
394 3136 451 3197 quo
476 3118 604 3197 expositi
627 3126 656 3176 et
679 3117 794 3176 educati
817 3125 898 3175 crant
917 3117 1017 3177 urbem
1039 3127 1177 3177 extruere
1198 3120 1255 3179 lra-

147 3230 208 3280 tres
228 3223 413 3284 constituunt.
460 3225 593 3302 Augusto
618 3223 738 3300 augurio
759 3221 831 3299 (inc.
863 3222 925 3281 sed.
947 3220 1025 3283 xctt
1052 3224 1089 3283 cl.
1114 3223 1255 3302 Schweg·

146 3327 227 3386 lerus
251 3327 324 3388 IIist.
350 3329 433 3393 Rom.
460 3330 579 3409 1440)
610 3328 722 3387 firmant
748 3330 908 3404 inceptum:
944 3330 1042 3408 itaque
1068 3349 1149 3391 suum
1179 3342 1256 3393 uter·

147 3452 205 3512 que
228 3452 315 3514 quem
336 3444 372 3504 ad
394 3439 543 3517 augurium
567 3434 739 3514 captandum
761 3434 913 3510 elegerant
937 3445 1062 3496 montem
1085 3439 1255 3515 ascendunt,

147 3541 201 3601 sulr
222 3552 338 3603 noctem
360 3556 390 3605 nt
409 3542 590 3606 cousuetudo
616 3540 740 3601 ferebat.
787 3536 832 3599 Gi.
867 3539 1042 3603 Niebuhrlos
1068 3542 1141 3604 IIist.
1171 3544 1255 3604 Rom.

148 3646 160 3706 l
189 3646 251 3709 248
281 3659 310 3709 et
337 3648 547 3727 Sclrweglerus
582 3648 601 3707 l.
633 3647 653 3706 Ι.
687 3665 716 3725 p.
740 3645 811 3708 388.
857 3648 915 3707 Sed
950 3647 1153 3728 Niebuhrium‚
1193 3670 1256 3712 cum

148 3763 239 3814 totum
262 3754 337 3815 diem
368 3765 397 3815 et
425 3765 542 3817 noctem
570 3772 624 3814 eos
645 3763 822 3833 expectasse
846 3759 994 3832 augurIum
1018 3758 1170 3835 crederer,
1201 3759 1257 3820 ‘sol

148 3859 241 3920 albus‘
270 3879 357 3941 quem
384 3862 492 3922 Ennius
516 3882 543 3922 u.
576 3860 617 3920 92
649 3861 717 3922 dicit
748 3860 862 3920 lelellit.
896 3861 1002 3922 Lunam
1037 3867 1112 3924 enlm
1140 3865 1179 3924 ita
1209 3865 1258 3925 ad·

148 3965 264 4044 pellari,
286 3984 363 4026 none
386 3970 512 4049 quidem,
536 3969 646 4029 llerula
662 3967 751 4028 uidit:
773 3969 818 4027 cui
842 3971 1003 4029 sententlae
1028 3972 1163 4031 conuenit
1193 3972 1258 4050 ipse

148 4090 284 4132 uersuum
306 4092 398 4133 nexus
422 4092 456 4134 ac
478 4076 650 4135 narrationis
673 4091 858 4152 progressus.
907 4076 1045 4136 llomnlus
1073 4077 1109 4137 de
1138 4079 1259 4153 augurio

149 4177 322 4239 Auentlnnm
346 4182 502 4259 occupauit
525 4182 568 4258 (u.
592 4180 664 4258 84);
689 4182 811 4240 seorsim
839 4199 855 4240 a
878 4182 994 4259 uulgata
1012 4184 1161 4257 memoria,
1184 4200 1260 4259 quae

150 4282 324 4346 AuentInum
348 4285 451 4360 Remo,
474 4285 597 4346 Romulo
624 4288 750 4348 niudicat
772 4287 945 4348 Palatlnum:
978 4288 1016 4348 cl.
1052 4287 1259 4364 Schweglerus

1010 4385 1050 4445 ο*
