2834 4988
635 415 872 472 Annaliun

726 582 790 651 V*

300 702 424 772 Fronto
445 702 549 793 Epist.
572 644 624 772 la
642 726 675 794 p.
693 711 713 773 8
733 703 785 771 ed.
804 702 900 771 Rom.
930 713 1081 771 ‘transeo
1103 670 1266 793 nuucotl
1274 700 1313 786 Q.

197 806 338 876 Ennium
359 811 519 890 nostrum,
542 828 639 899 quem
659 813 694 874 tu
716 807 830 875 siser
843 828 962 875 somno
983 806 1086 874 etex'
1110 806 1188 893 (om.
1206 805 1314 896 Nieb.)

197 911 338 980 ‘somnio
348 909 472 979 initium
488 910 559 979 sibi’
574 910 805 992 (scribendi
819 909 1149 1001 em.LScbopeuus)
1163 910 1314 979 ‘iecisse’

704 1046 753 1117 V]
766 1047 806 1082 Η

253 1178 273 1237 5
300 1221 308 1235 .
362 1221 370 1235 .
424 1220 433 1236 .
485 1189 605 1236 somno
626 1166 692 1237 leni
714 1167 911 1260 plaudoque
930 1167 1099 1238 reuinctus

708 1303 772 1374 VH
786 1308 802 1339 3

486 1478 495 1492 .
549 1423 644 1493 uisus
660 1423 827 1496 Homerus
844 1427 966 1495 adesse
984 1428 1094 1517 poeta

702 1562 779 1633 Vffl
792 1565 808 1595 2

300 1679 338 1748 Ei
360 1678 436 1748 mihi
455 1680 564 1772 qualis
581 1689 652 1751 erat

716 1819 763 1889 [X
776 1819 793 1853 ἡ

301 1935 474 2006 Lueretius
494 1936 507 2005 l
530 1946 590 2008 116
615 1939 807 2031 ‘ignorabu
822 1939 910 2008 enim
933 1958 1020 2030 quae
1038 1936 1082 2005 ἀί
1097 1938 1217 2004 mtnra
1238 1932 1313 2003 ani-

197 2039 262 2110 mai
288 2094 297 2108 .
326 2094 335 2109 .
363 2094 371 2108 .
418 2041 472 2108 Au
490 2041 638 2130 pecudes
656 2043 740 2112 alias
760 2043 918 2113 diuinitus
938 2042 1081 2110 insinuet
1104 2061 1161 2124 se,
1186 2038 1313 2107 Ennius

197 2153 234 2213 ut
252 2152 367 2213 noster
391 2143 525 2228 cecinit,
562 2147 616 2238 qui
639 2148 767 2238 primus
787 2169 929 2217 amoeno
950 2143 1074 2214 Detulit
1090 2166 1135 2212 ex
1154 2141 1313 2211 Helicone

199 2247 332 2339 perenni
352 2246 470 2315 fronde
487 2269 661 2335 coronam,
689 2249 756 2320 Per
781 2251 893 2342 gentis
916 2249 1015 2318 Italas
1036 2246 1206 2316 hominum
1228 2265 1313 2337 quae

198 2351 289 2421 clara
307 2351 449 2437 elueret;
477 2351 547 2420 Etsi
568 2361 741 2444 praeterea
760 2357 870 2423 tamen
893 2375 970 2424 esse
985 2350 1172 2421 Acherusia
1192 2346 1314 2438 templa

198 2454 326 2523 Ennius
346 2454 490 2522 aeternus
512 2457 650 2547 exponit
671 2458 826 2528 uersibus
847 2458 967 2542 edens,
1004 2454 1079 2540 Ouo
1102 2474 1211 2546 neque
1232 2474 1313 2542 per-

198 2563 330 2629 manent
355 2557 482 2626 animae
507 2581 614 2652 neque
639 2583 782 2653 corpora
806 2566 937 2645 nostra,
975 2559 1044 2628 Sed
1076 2556 1240 2650 quaedam
1263 2555 1313 2624 si-

185 2660 345 2733 'mubtcra
375 2660 482 2729 modis
515 2664 672 2752 pallentia
706 2665 813 2752 miris;
861 2664 980 2733 Vnde
1015 2661 1094 2731 sibi
1125 2666 1312 2730 exortam

199 2785 363 2856 semper
391 2763 590 2835 florentis
615 2767 782 2837 Homeri
809 2767 1109 2838 Commemorat
1132 2763 1312 2856 speciem

105 2910 114 2925 ·
200 2868 393 2938 lacrimas
428 2869 648 2940 estundere
682 2872 821 2941 salsas
857 2870 1065 2961 Coepisse
1101 2873 1142 2937 et
1178 2887 1312 2936 rerum

199 2976 384 3042 naturam
403 2973 643 3063 expandere
665 2974 812 3044 dictis?

198 3158 309 3219 tibiaque
328 3156 475 3205 nominibus
500 3192 508 3205 .
529 3193 563 3206 ..
605 3159 702 3207 Ennius
727 3160 752 3207 iu
772 3161 856 3224 primo
880 3174 940 3206 aun.
961 3195 968 3206 .
987 3192 995 3204 .
1015 3158 1032 3205 .’
1055 3150 1142 3220 (ann.]
1161 3167 1234 3202 nam
1252 3151 1313 3201 Pro-

189 3228 262 3292 ·bus)
331 3227 366 3274 t'l
390 3226 482 3275 i'ronto
500 3228 585 3292 Epion
600 3229 635 3276 lv
651 3229 683 3278 12
703 3245 730 3294 p.
747 3229 798 3280 110
817 3230 859 3278 ed.
875 3229 949 3277 Rom.
975 3223 1138 3288 ‘siquando
1155 3232 1181 3272 te
1202 3235 1312 3271 somno

200 3296 280 3355 leni,
300 3307 327 3343 ut
344 3298 420 3360 poeta
433 3296 483 3354 ait,
504 3297 706 3360 placidoque
724 3299 896 3347 reuinctus
909 3297 986 3346 nideo
1000 3294 1153 3351 insomnis,
1175 3306 1312 3354 numquam

200 3374 239 3415 est
252 3367 313 3428 quin
325 3365 465 3428 amplectar
477 3366 646 3417 etexoscnler
666 3404 672 3415 .
688 3403 695 3416 .
711 3404 719 3417 .
735 3405 743 3415 .
775 3367 824 3416 boe
841 3382 920 3418 unum
939 3382 977 3416 ex
995 3363 1171 3414 annalibus
1183 3370 1312 3427 sumptum

200 3436 295 3484 amoris
311 3435 361 3482 mei
381 3442 558 3497 argumentum
578 3438 706 3500 poeticum
729 3446 753 3486 et
775 3453 837 3486 sane
858 3435 1078 3486 somniculosum.⁹
1149 3433 1198 3481 Vss
1224 3430 1313 3481 Cicero

200 3504 281 3553 Acad.
295 3518 334 3567 pr.
352 3503 374 3550 ll
390 3502 431 3562 lo,
448 3504 479 3552 51
504 3508 578 3553 ‘num
594 3520 683 3556 censes
696 3507 806 3556 Ennium
826 3522 884 3555 eum
909 3509 934 3555 in
954 3506 1035 3555 hortis
1054 3519 1111 3552 cnm
1127 3501 1218 3552 Seruio
1233 3499 1313 3551 Galba

200 3572 382 3623 ambulanisset
396 3572 512 3620 dixisse:
525 3575 599 3622 uisus
613 3588 669 3624 snm
682 3576 746 3625 mihi
759 3591 816 3625 enm
824 3575 905 3625 Galba
918 3575 1067 3624 ambularet
1085 3575 1119 3623 At
1131 3586 1189 3622 curn
1201 3571 1313 3620 somnia·

199 3643 251 3702 nit,
269 3642 397 3690 narrauit:
416 3643 501 3690 nisns'
520 3659 544 3691 e.
560 3659 585 3706 q.
602 3659 624 3692 s.
656 3644 753 3695 Ibidem
768 3647 791 3694 n
805 3647 848 3704 27,
861 3644 897 3696 88
915 3644 1110 3695 ‘dormientium
1128 3650 1153 3692 et
1170 3641 1313 3690 uinulento

200 3725 258 3762 rtun
277 3718 303 3762 ct
315 3709 470 3760 furiosorum
486 3712 545 3761 nisa
557 3713 718 3765 inbecilliora
731 3731 788 3764 esse
802 3716 907 3767 dicebas
922 3731 998 3777 quam
1010 3713 1174 3779 uigilantium
1186 3712 1313 3760 siccorum

200 3794 329 3832 morum.
356 3779 520 3838 Quomodo?
544 3784 605 3845 quia
617 3799 674 3833 cum
687 3794 851 3850 experrectus
866 3794 933 3834 esset
948 3785 1045 3833 Ennius
1060 3797 1121 3832 non
1136 3797 1171 3832 se
1184 3780 1313 3830 uidisse

200 3850 381 3911 Homerum,
399 3850 455 3900 sed
469 3851 571 3901 uisum
585 3855 676 3904 esse)
704 3854 742 3904 Gt.
758 3854 827 3904 idem
841 3852 874 3904 de
888 3871 915 3904 re
928 3870 955 3919 p.
968 3853 1058 3913 vilo,
1070 3852 1104 3904 10
1119 3850 1164 3900 '‘tit
1178 3851 1246 3900 enim
1260 3849 1313 3900 fere

200 3930 228 3971 nt
247 3918 414 3986 cogitationes
433 3936 613 3986 sermonesque
634 3925 714 3973 nostri
731 3925 834 3990 pariant
852 3924 950 3987 aliquid
971 3914 998 3972 id
1015 3936 1106 3972 somno
1120 3921 1172 3970 tale
1187 3920 1263 3983 quate
1281 3920 1313 3968 de

200 3990 310 4041 Homero
325 3989 414 4039 scribit
425 3989 531 4051 Ennius,
550 3993 583 4042 de
596 4008 646 4056 qno
661 3990 782 4043 uidelicet
795 3995 948 4060 saepissime
961 3994 1074 4059 uigilans
1087 3991 1187 4041 solebat
1201 3991 1313 4055 cogitare

201 4068 227 4112 et
245 4060 333 4124 loqui.⁹
404 4061 465 4110 vill
490 4061 596 4112 Seruius
616 4066 642 4112 in
661 4066 726 4114 Aen.
741 4063 830 4114 11274
853 4066 897 4113 ‘ei
916 4063 1010 4112 mibi:
1035 4063 1111 4112 Ennii
1129 4061 1238 4111 uersus·
1272 4058 1313 4108 sd

200 4247 255 4290 om.
269 4229 380 4290 Prono
464 4237 596 4292 ciuebunt
613 4237 641 4291 J.
654 4237 750 4293 Dum
765 4237 844 4310 opud
855 4235 1005 4294 Merulam.
1019 4238 1151 4294 eluebant
1163 4235 1274 4292 Probra

152 4326 158 4337 ·
224 4320 263 4383 ,4
283 4317 312 4375 in
328 4320 435 4375 somnis
450 4321 518 4376 mihi
534 4323 600 4377 add.
614 4321 734 4390 Merula
748 4324 820 4381 corti.
843 4322 927 4397 Vere.
940 4325 1010 4380 Aen.
1024 4321 1063 4379 ΙΙ
1072 4326 1127 4382 270
