2834 4988
140 405 249 453 Lxxvt
521 396 833 463 QVAESTIONES

226 561 306 638 Ergo
329 563 405 620 inter
419 563 558 622 Dentrunr
581 562 666 620 lortia
690 564 766 621 iacta
792 562 888 621 locum
911 561 1063 622 habuerint
1082 562 1157 622 haec
1179 581 1250 641 quae

142 687 158 728 e
190 668 394 728 certaminibus
426 668 577 746 desumpta
604 668 735 727 uidentur
763 670 922 744 fragmenta
952 669 999 728 lll.
1029 669 1079 728 tv.
1108 669 1144 727 V.
1190 670 1249 730 Nec

141 784 235 834 temen
263 773 338 832 hunc
362 775 507 850 integrum
532 774 635 833 librum
663 784 751 854 polita
777 775 934 834 Dentribus
964 776 1111 853 inpendit,
1145 779 1173 835 in
1195 794 1249 856 quo

143 882 189 940 uel
213 900 230 940 e
254 880 378 957 Philippi
409 890 537 940 extrema
564 884 621 941 uita
648 883 790 960 quaedam
815 880 912 960 habita
940 881 1031 940 luisse
1060 882 1107 942 hie
1137 902 1248 960 uersus,

142 988 283 1066 siquidem
311 996 393 1045 recte
423 987 591 1063 emendam,
620 1008 689 1065 puros
710 993 756 1047 ubi
775 1008 830 1048 rex
852 995 971 1064 papirius
991 996 1086 1064 specii
1108 996 1143 1050 de
1165 998 1248 1052 couti-

125 1101 191 1155 .bus
212 1101 290 1154 celsis
312 1093 384 1173 (IX)
409 1095 583 1153 documento
604 1104 657 1154 est.
704 1094 815 1171 Regem
839 1095 913 1153 enim
929 1093 1092 1174 Philippum
1111 1098 1191 1174 dicit,
1214 1099 1248 1158 de

141 1220 199 1281 quo
228 1201 302 1260 haec
331 1201 426 1260 Liuius
450 1199 498 1259 XL
521 1199 558 1259 21
591 1210 701 1259 narrat:
733 1207 915 1278 cupidiciam
938 1211 1103 1280 ceperatis
1124 1213 1249 1266 uerticem

140 1315 242 1368 Hccrrri
262 1315 359 1367 iconiis
380 1313 555 1383 ascendendi,
574 1315 639 1384 quic
655 1314 785 1384 rrrrlpcicc
802 1317 924 1385 opinioni
936 1316 1095 1372 crediderat
1110 1318 1249 1373 Poenicum
1314 1314 1317 1325 '

139 1423 220 1476 simui
242 1426 267 1474 ct
288 1420 460 1475 Adriaticum
476 1436 554 1474 mare
576 1419 739 1474 ctHistruru
757 1435 865 1474 amnem
884 1428 910 1474 ct
923 1421 1008 1492 Alpes
1022 1425 1148 1494 conspici
1156 1439 1250 1495 posse.-

139 1530 257 1584 srtbicctc
281 1528 365 1582 cicadis
389 1543 422 1582 ec
451 1527 528 1582 harad
543 1529 633 1598 perui
656 1526 708 1580 sibi
730 1529 858 1580 momenti
880 1525 980 1597 frctrrra
1007 1531 1046 1584 od
1067 1533 1250 1602 capitationem

140 1638 261 1692 Iiontuni
277 1635 345 1692 belii.
385 1628 429 1688 Ao
451 1630 521 1689 licet
542 1628 638 1687 Liuius
661 1627 679 1685 l.
694 1627 712 1686 l.
732 1626 771 1686 22
794 1631 863 1687 nihil
884 1628 961 1688 dicat
983 1635 1113 1707 aalysiae
1134 1640 1251 1709 opinioni

139 1744 262 1816 depressi
282 1741 345 1796 inde
366 1741 563 1807 detruserunt,
595 1742 682 1812 mapis
701 1740 784 1794 crcdo
814 1754 848 1792 uc
869 1741 979 1794 coercitas
1006 1743 1112 1797 itineris
1140 1743 1250 1799 ludibrio

138 1857 208 1904 essct
238 1866 320 1920 prrrrrrr
348 1847 421 1917 quod
448 1847 559 1901 diuerso
587 1848 658 1900 irticr
686 1860 716 1898 sc
743 1847 834 1899 raurici
863 1851 1019 1918 montesque
1045 1853 1071 1902 et
1096 1865 1193 1904 omnes
1216 1865 1250 1904 ex

139 1974 192 2012 irruo
219 1957 276 2010 loco
304 1958 428 2028 conspici
447 1957 602 2027 putruerint,
632 1957 726 2006 lamen
754 1947 822 2006 nihil
846 1948 971 2025 inpedit,
1004 1967 1063 2028 quo
1082 1953 1176 2010 minus
1198 1950 1249 2010 En-

139 2059 214 2115 nium
231 2058 381 2116 credamus
400 2054 554 2126 cecinisse,
579 2053 713 2132 Philippo
729 2048 790 2113 rem
807 2073 891 2131 qnam
909 2065 1064 2133 expeteret
1081 2059 1249 2135 contigisse.

139 2162 265 2222 Adiunxi
282 2163 347 2222 huie
372 2161 466 2222 statim
490 2168 588 2218 cetera
614 2179 688 2239 quae
710 2160 745 2219 ad
761 2159 922 2239 Philippum
938 2163 1076 2222 attineant
1091 2165 1250 2242 fragmenta

139 2268 175 2327 X.
199 2267 248 2326 Xl.
273 2267 337 2327 Xll.
382 2267 503 2326 Duobus
536 2267 610 2325 enim
642 2269 722 2326 annis
752 2276 820 2346 post
846 2288 871 2328 a.
900 2288 927 2327 u.
960 2288 986 2328 c.
1012 2268 1074 2329 573
1104 2269 1251 2350 Phiiippus

140 2378 238 2450 senio,
267 2384 296 2433 ut
326 2374 422 2434 Liuius
444 2376 482 2432 ait
506 2373 525 2431 l.
549 2373 567 2432 l.
591 2374 649 2447 bl,
680 2383 708 2432 et
737 2392 870 2435 maerore
895 2384 1083 2454 consumptus
1107 2376 1250 2437 decessit:

139 2502 194 2561 qua
221 2483 437 2561 opportunitate
468 2487 556 2558 polita
586 2482 822 2557 et·superiorem
849 2484 928 2559 regis
948 2483 1035 2543 uitam
1057 2484 1173 2560 attingit
1195 2483 1251 2562 (X)

140 2596 169 2646 et
194 2586 330 2664 exemplo
353 2586 389 2645 ab
411 2588 475 2646 anni
498 2585 639 2646 aetatibus
662 2589 788 2663 repetitu
813 2588 898 2669 (Xll)
924 2590 1056 2648 inlustrat
1079 2588 1151 2648 illud
1177 2588 1251 2667 quod

139 2693 208 2751 dicii
231 2704 296 2768 posi
324 2703 413 2752 octale
434 2699 528 2768 piprci
550 2695 682 2767 subferre
707 2697 828 2752 loborcrrt
854 2692 936 2773 (xi).
982 2692 1165 2771 Fragmentis
1190 2695 1251 2754 Vll.

139 2798 206 2858 Vlll
227 2799 336 2876 Hugius
356 2798 474 2858 Fabium
490 2796 640 2856 Maximum
665 2799 812 2876 designari
832 2801 972 2877 cogitauit
988 2800 1081 2879 (conl.
1101 2798 1253 2860 Ciceronis

139 2901 251 2962 Catone
272 2907 381 2964 maiore
398 2907 427 2980 4,
451 2904 506 2963 10:
528 2909 596 2962 helio
610 2909 722 2981 peretot
735 2916 765 2964 ut
778 2912 949 2979 adulescens,
966 2929 1027 2968 cum
1035 2913 1125 2984 plone
1138 2913 1253 2985 mandis

140 3020 237 3083 esser).-
269 3030 353 3090 quem
381 3019 468 3090 poeta
497 3012 588 3071 relata
619 3011 765 3088 Scipionis
795 3024 889 3074 morte
918 3024 958 3086 (a.
978 3036 1006 3075 u.
1031 3033 1057 3074 c.
1081 3015 1144 3075 569
1176 3016 1251 3076 conl.

139 3117 219 3176 Liuio
234 3116 360 3177 XXXlX
376 3118 432 3198 52)
456 3119 527 3179 belli
542 3118 641 3178 Punici
658 3127 818 3195 temporum
834 3118 994 3178 admonitus
1012 3120 1041 3179 in
1058 3123 1251 3200 comparatio·

139 3243 203 3283 nem
230 3225 393 3284 asciuisset.
445 3226 512 3304 lpse
542 3227 610 3285 olim
632 3225 889 3303 Philopoemenem
922 3225 1030 3285 clarum
1065 3226 1251 3287 Achaeorum

140 3332 241 3391 ducem
272 3333 459 3410 suspicabar,
495 3350 550 3390 nec
576 3350 650 3390 nunc
677 3333 804 3408 paenitet
830 3330 1017 3407 suspitionis:
1049 3350 1136 3410 quem
1164 3334 1250 3395 facile

140 3441 250 3496 ‘ratum
280 3439 307 3495 in
338 3440 467 3515 regimen
496 3437 626 3514 bellique
655 3439 777 3516 peritum
801 3442 920 3495 seuem'
952 3440 1091 3498 nominari
1119 3442 1250 3518 potuisse

142 3545 307 3604 concedes:
333 3547 409 3605 conl.
432 3544 513 3603 Liuio
536 3541 660 3601 XXXIX
681 3544 730 3602 49.

169 3671 174 3678 ·
227 3650 349 3710 Ceteras
379 3649 461 3708 huius
489 3649 553 3708 libri
577 3649 715 3728 reliquias
738 3650 812 3708 inter
835 3652 990 3710 certamina
1013 3668 1076 3709 eum
1098 3650 1251 3729 Liguribus

142 3759 293 3817 commissa
314 3767 342 3816 et
358 3755 452 3815 Fuluii
467 3753 566 3814 Flacci
589 3775 638 3814 res
657 3757 684 3813 in
701 3754 856 3815 Celtiberis
876 3767 976 3833 gestas
992 3755 1142 3816 distribuo.
1173 3757 1250 3832 Quas

141 3883 188 3922 res
213 3882 270 3940 quo
292 3863 493 3936 inlustrarem,
519 3881 534 3920 e
557 3861 638 3920 Liuio
662 3862 710 3921 XL
731 3860 849 3921 25-31
884 3862 966 3922 hausi
990 3880 1066 3941 quae
1084 3861 1141 3922 huc
1164 3864 1250 3942 perti·

140 3988 211 4028 nere
239 3968 413 4027 uiderentur.
465 3966 545 4044 Ergo
572 3967 602 4026 L.
635 3968 775 4028 Aemilius
802 3967 909 4027 Paulus
943 3970 1086 4047 principio
1114 3973 1194 4031 ueris
1224 3989 1249 4030 a.

140 4075 199 4134 571
232 4076 259 4131 in
281 4073 403 4149 Ligures
431 4073 576 4149 lugaunos
606 4073 715 4132 induxit
743 4075 919 4133 exereitum:
954 4074 1125 4135 inhostium
1149 4078 1250 4137 finibus

140 4190 234 4240 castra
257 4182 354 4257 posuit
369 4197 462 4258 prope
481 4198 496 4237 a
514 4179 671 4239 montibus:
695 4180 817 4256 Ligures
835 4189 930 4239 curtem
944 4192 1007 4256 post
1024 4201 1070 4241 eos
1084 4188 1161 4257 ipsos
1175 4203 1249 4241 mon-

140 4297 178 4346 tes
260 4293 383 4346 exercitu
397 4292 471 4345 omni
490 4297 584 4345 coacto
596 4297 708 4361 repente
727 4292 895 4347 rnsrltitrcdine
917 4294 1020 4365 inperiti
1033 4298 1129 4347 costra
1145 4293 1246 4349 Roma·
