2834 4988
586 433 817 490 ENNIANAE
1147 447 1258 495 Lxxlx

144 597 328 658 commodius
356 600 453 676 possis
483 618 568 679 quam
595 609 625 660 ut
653 597 845 659 Ribbechiorn
874 608 991 658 secutus
1020 599 1078 661 leci
1107 603 1256 664 trochaico

143 721 265 763 numero
289 706 332 764 sic
352 704 492 764 dimetiri:
521 707 590 783 siper
611 712 735 783 oppletus
764 708 891 764 iruhrium
914 708 1038 766 Fremitu
1068 706 1171 786 (Trag.
1201 709 1257 769 146

144 814 218 892 sq).
243 813 461 872 Verumtamen
478 829 542 871 cum
557 812 720 872 testimonia
736 812 987 889 grammaticorum
999 822 1114 891 reputo,
1132 832 1256 893 propen-

142 921 206 980 sior
226 928 274 978 est
292 920 402 979 animos
424 918 460 977 ad
480 917 674 993 credendum,
696 936 813 993 neruum,
836 919 920 977 itaut
944 918 984 992 lit,
1006 917 1059 977 suh
1083 921 1185 996 specie
1207 920 1257 980 de·

143 1025 312 1104 prauatiore
338 1023 525 1084 delitescere.
570 1023 668 1101 Atque
694 1025 722 1083 in
751 1033 884 1101 promptu
913 1033 958 1082 est
990 1024 1169 1101 emendatio,
1200 1045 1257 1105 qua

142 1141 173 1190 ut
203 1131 336 1191 trochaei
365 1129 511 1207 turpitudo
538 1128 715 1207 abstergitur
738 1131 775 1188 itu
800 1130 939 1205 insignior
960 1129 1123 1207 scripturae
1146 1130 1256 1190 discre-

143 1238 240 1317 pantia
264 1237 440 1296 inlustratur.
478 1234 593 1296 Etenim
616 1236 741 1296 adhibita
762 1254 838 1295 uoce
861 1236 976 1312 antiqua
998 1243 1027 1294 et
1044 1253 1118 1313 quae
1138 1239 1257 1315 saepius

145 1362 210 1404 cum
233 1344 303 1403 alihi
324 1351 382 1401 turn
404 1340 481 1419 apud
501 1340 623 1401 Ennium
643 1345 725 1420 quasi
747 1362 784 1403 cx
805 1340 954 1401 obliuione
977 1343 1115 1402 suscitata
1135 1353 1180 1403 est
1202 1345 1255 1416 (ol.

144 1450 221 1510 Ann.
242 1449 310 1511 161.
328 1449 400 1508 314.
417 1449 506 1526 411),
526 1447 610 1508 Ennii
632 1468 744 1510 manum
767 1453 805 1510 ita
828 1447 956 1524 retingo:
980 1467 1070 1507 rroeuu
1086 1454 1162 1508 cieret
1182 1472 1254 1510 muts·

143 1575 211 1616 sore
229 1560 320 1615 bouus.
366 1557 463 1614 Noenu
485 1556 559 1614 enim
583 1564 784 1634 posteaquam,
808 1564 839 1614 ut
863 1553 1044 1633 plerumque,
1068 1558 1095 1614 in
1117 1578 1172 1616 nou
1192 1576 1256 1636 par·

144 1650 261 1720 ticulaim
283 1660 370 1736 abiit,
394 1678 451 1720 uon
474 1661 607 1721 indoctus
631 1661 764 1721 librarius
786 1661 930 1721 lahantem
953 1662 1091 1720 urersiooli
1111 1681 1256 1723 nurmerour

144 1784 179 1827 ea
203 1767 296 1828 forma
323 1785 408 1846 quam
435 1768 623 1845 Philargyrus
654 1770 781 1829 seruauit
813 1791 867 1828 uon
893 1780 1013 1844 possiem
1037 1789 1164 1829 assessore
1195 1776 1259 1831 boui

143 1882 309 1934 sustentare
331 1875 455 1935 uiriliter
476 1875 593 1936 studuit.

230 1980 276 2041 Ad
299 1982 411 2042 calcem
430 1983 573 2043 annalium
597 1992 765 2061 peruentum
791 1991 851 2058 est,
882 1983 909 2039 in
930 1999 985 2060 qua
1007 1987 1112 2058 poeta,
1143 1990 1172 2040 ut
1192 1983 1255 2060 ipse

115 2167 118 2171 Ι
143 2085 199 2146 hac
216 2090 433 2166 opportunitate
452 2091 560 2148 monuit
584 2089 667 2169 (tv),
691 2090 843 2167 septimum
866 2097 896 2147 et
918 2088 1132 2163 sexagesimum
1154 2105 1255 2147 aunum

143 2210 237 2271 agens
255 2193 426 2254 elaborauit.
463 2194 508 2255 Gi.
528 2215 555 2274 p.
573 2195 650 2255 xlx.
686 2196 728 2256 lhi
744 2205 897 2274 praeterea
916 2196 971 2254 alia
987 2195 1023 2255 de
1043 2194 1100 2253 uita
1120 2212 1171 2252 sua
1191 2211 1255 2251 uar-

145 2299 226 2359 randi
243 2301 378 2378 cupidior
399 2320 491 2362 senex
508 2303 699 2380 exprompsit.
744 2300 816 2360 Nam
833 2301 907 2361 haec
927 2321 1001 2379 quae
1016 2299 1152 2360 Ciceroni
1174 2297 1254 2376 (Cat.

144 2408 210 2466 mai.
223 2407 254 2482 5,
267 2407 322 2484 14)
336 2407 476 2469 dehemus
493 2415 534 2467 sic
547 2419 576 2467 ut
588 2412 672 2484 sortis
686 2427 771 2483 rqrurs
781 2415 869 2484 spotia
881 2415 929 2484 quei
947 2428 1031 2485 saepe
1041 2427 1171 2484 stupremc
1189 2411 1258 2465 i'r'oit

146 2515 274 2588 Olumpias,
296 2535 371 2573 nuuc
387 2521 463 2573 senio
484 2518 625 2590 rorifertus
640 2519 753 2588 quiescit
771 2513 856 2593 (Vll)
873 2513 948 2575 haud
971 2515 1057 2575 dubie
1072 2515 1181 2574 Ennius
1199 2532 1256 2573 nou

146 2621 270 2679 seorsim
298 2618 334 2679 ab
361 2623 464 2682 aetatis
488 2639 559 2680 surae
587 2620 860 2680 commemoratione
884 2620 994 2680 extulit.
1041 2620 1148 2699 Tetigit
1171 2623 1255 2680 etianr

144 2745 237 2804 genus
258 2737 339 2786 suum
360 2728 438 2805 quod
457 2745 473 2786 a
490 2727 627 2804 Messapo
649 2727 789 2802 originem
812 2726 897 2786 ducat
923 2726 994 2806 (vl)
1015 2737 1043 2786 et
1063 2746 1095 2786 se
1116 2727 1255 2786 Rudinum

146 2851 213 2893 esse
242 2831 336 2892 Fuluii
363 2831 522 2892 Nobilioris
551 2832 696 2892 henehoio
719 2831 847 2892 Romana
876 2833 992 2892 ciuitate
1023 2833 1157 2893 donatum
1184 2832 1253 2911 (V).

145 2938 207 2998 lloe
232 2938 347 3016 quidem
368 2937 446 3017 quod
466 2937 502 2997 de
525 2939 640 2998 ciuitate
662 2939 730 2998 dicit
754 2941 847 3018 potuit
869 2941 953 2998 etiaur
977 2949 1033 2998 tom
1057 2959 1120 2999 cum
1140 2942 1166 2998 in
1189 2939 1255 2998 Ful·

145 3046 183 3104 uii
216 3045 304 3105 rebus
335 3043 507 3104 uersabatur
541 3063 784 3106 commemorare:
820 3062 989 3122 quamquam
1020 3047 1112 3122 magis
1144 3044 1256 3104 adridet

146 3159 263 3231 poetam
286 3153 314 3211 in
336 3161 467 3212 extrema
489 3161 585 3212 aetate
600 3153 761 3229 superioris
783 3153 859 3209 uitae
875 3150 1048 3210 admonitum
1064 3152 1141 3211 laeto
1161 3152 1255 3210 animo

145 3258 236 3319 haec:
259 3277 309 3318 uos
330 3277 425 3318 sumus
439 3262 560 3318 Romani
579 3265 627 3333 qui
640 3262 745 3334 sarirrrus
765 3268 829 3316 urite
852 3262 957 3317 Rudini
975 3258 1167 3322 exclamasse.
1210 3257 1255 3316 De
1355 3291 1360 3299 ·

146 3368 263 3427 ciuitate
292 3365 376 3425 Ennii
405 3374 435 3424 et
463 3382 520 3444 quo
550 3375 636 3444 pacto
665 3381 728 3424 eam
754 3365 877 3442 adeptus
904 3366 941 3424 sit
970 3366 1035 3425 uide
1058 3363 1090 3424 F.
1115 3363 1256 3423 Ritterunr

145 3470 268 3551 Ephem.
292 3473 379 3551 antiq.
396 3470 521 3531 Darmst.
543 3491 568 3536 a.
593 3471 673 3532 teto
696 3490 724 3550 p.
742 3470 802 3531 383
822 3489 867 3549 sq.
912 3472 971 3532 Sed
991 3472 1064 3532 haec
1087 3472 1181 3531 omnia
1204 3471 1254 3531 du·

147 3577 221 3638 bites
243 3579 363 3638 initione
392 3597 428 3639 an
452 3581 498 3638 lini
523 3580 588 3639 libri
611 3576 758 3638 ascribas:
790 3577 857 3636 olim
880 3588 1023 3656 tamqnam
1046 3579 1167 3637 extremi
1192 3596 1254 3636 car·

145 3685 226 3743 minis
247 3684 385 3764 reliquias
404 3686 544 3763 adposui:
577 3703 651 3744 nnnc
680 3686 899 3744 conuenientius
922 3694 1030 3763 poetae
1054 3685 1255 3744 consuetudini

143 3786 259 3850 'uidetur
281 3792 443 3869 prohoemii
463 3792 611 3851 materiam
635 3809 673 3848 ex
694 3790 738 3850 his
759 3791 888 3852 frustulis
908 3794 1052 3852 constitui.

228 3895 360 3975 Namque
376 3898 459 3977 quasi
471 3914 548 3955 nouo
568 3898 675 3974 impetu
693 3896 941 3957 adHistricnm
962 3898 1101 3957 bellum
1121 3915 1187 3956 sese
1206 3915 1253 3955 ac-

147 4003 244 4081 cingit.
290 4002 336 4062 En
358 4020 395 4062 eo
415 4003 495 4063 bello
515 4004 623 4063 residet
640 4021 724 4081 quam
745 4003 853 4064 Ennius
870 4005 905 4064 ad
922 4005 1039 4063 Homeri
1057 4002 1107 4079 (ll.
1126 4006 1160 4061 Π
1182 4001 1256 4080 tuta)

146 4109 312 4188 exemplum
333 4108 445 4168 ellinxit
467 4110 550 4170 tortis
562 4108 666 4170 tribuni
687 4110 834 4168 cuiusdam
857 4121 957 4171 contra
970 4111 1128 4170 Histrorum
1144 4111 1255 4185 inpres-

145 4218 256 4277 sionem
272 4235 305 4276 se
324 4215 507 4275 defendentis
520 4216 679 4294 descriptio
694 4214 761 4295 (ll).
807 4216 852 4275 De
872 4236 904 4276 re
923 4217 1067 4276 consentit
1088 4235 1151 4274 curm
1169 4223 1256 4293 poeta

146 4315 240 4379 liuius
260 4318 324 4379 XLl
346 4318 374 4378 2.
420 4318 491 4380 Cum
513 4323 588 4381 euim
610 4322 698 4381 Histri
717 4331 812 4382 castra
833 4323 961 4381 Romana
975 4322 1011 4381 ad
1033 4322 1126 4381 lacum
1148 4320 1258 4382 Timaui
