2834 4988
140 400 186 447 xL
525 387 843 459 QVAESTIONES

141 556 298 616 Romanam
317 564 544 615 sustentaturum
566 555 718 632 gloriatur.
764 557 877 630 Saroni,
902 574 978 636 quae
999 556 1149 620 Horatium
1167 561 1253 621 redu·

143 685 206 726 cem
234 666 270 725 de
302 679 413 743 sponso
442 662 542 720 occiso
572 660 658 721 dictis
686 663 824 740 corripit,
863 664 964 723 nescio
993 682 1029 723 an
1056 664 1129 724 baec
1162 665 1252 724 uerba

142 776 232 847 replet
253 782 278 830 te
299 775 444 845 tactifimm
467 789 523 845 pau
548 768 621 843 (inc.
646 767 708 827 sed.
732 767 802 847 VII)
827 770 1009 830 conueniant.
1048 769 1187 846 Apertius
1207 789 1252 829 re·

144 877 336 956 spondentem
358 876 506 936 Horatium
527 874 651 952 produnt
674 873 709 932 ir.
732 871 782 934 XI.
807 875 877 951 ΧΠ,
901 893 1023 954 quorum
1047 875 1141 936 altero
1164 894 1250 955 spon·

144 1002 206 1042 sum
229 985 277 1061 qui
301 1000 357 1041 non
375 981 519 1041 recusarit
533 990 680 1041 certamen
696 999 748 1040 suo
766 982 885 1043 arbitrio
901 982 1062 1059 cecidisse,
1086 983 1181 1043 altero
1197 983 1251 1043 sibi

144 1091 211 1150 talia
224 1090 299 1151 dicta
323 1091 351 1149 in
373 1098 430 1148 tarn
454 1086 606 1166 splendida
627 1087 749 1147 uictoria
772 1088 923 1149 toleranda
946 1089 1166 1150 nonesseedit.
1198 1088 1250 1150 (ia-

144 1196 212 1275 pitis
233 1197 383 1256 damnatur
405 1195 541 1255 Horatius
562 1211 597 1253 ac
619 1193 718 1270 grams
742 1195 817 1253 iuter
838 1205 950 1273 patrem
973 1205 1003 1256 et
1024 1196 1136 1256 iudices
1164 1197 1253 1255 oritur

143 1303 180 1362 de
200 1303 346 1382 supplicio
364 1303 485 1363 uictoris
503 1301 666 1367 contentio;
691 1300 832 1378 siquidem
848 1320 911 1362 earn
930 1305 1144 1363 contentionem
1160 1304 1253 1382 arguit

143 1410 179 1470 lr.
209 1409 285 1469 Xlll.
340 1410 478 1489 Sequitur
506 1408 586 1467 fraus
610 1406 715 1465 Fufetii
745 1415 775 1466 et
811 1409 938 1470 crudelis
971 1412 1118 1471 interitus:
1155 1429 1191 1471 ac
1216 1412 1250 1470 lr.

142 1515 210 1575 XIV
240 1516 315 1577 Tulli
346 1517 437 1576 uerba
469 1514 604 1587 exhibet,
635 1514 683 1592 qui
712 1512 855 1574 Fufetium
882 1516 1005 1575 interimi
1040 1536 1124 1596 quam
1152 1536 1252 1577 omnes

143 1624 207 1681 eius
238 1623 385 1701 ‘legiones
414 1639 449 1680 ac
479 1621 648 1699 populares'
679 1620 776 1698 perire
797 1622 914 1682 mauult.
961 1621 1140 1700 Supplicium
1161 1621 1251 1699 ipsum

144 1730 272 1790 editores
295 1730 428 1789 uiderunt
449 1728 485 1787 lr.
510 1726 573 1786 XV.
592 1725 659 1786 XVI
672 1727 810 1802 describI,
831 1730 950 1788 incertis
963 1730 1089 1808 quidem,
1112 1728 1165 1789 sed
1178 1746 1251 1806 quae

142 1855 212 1897 uere
237 1836 425 1897 hauddubie
450 1838 478 1895 in
506 1835 582 1894 hunc
608 1835 711 1895 librum
740 1835 808 1895 olim
838 1837 968 1914 reposita
999 1843 1073 1895 suut.
1116 1833 1252 1894 Ceterum

142 1944 207 2005 binc
231 1944 350 2004 colores
373 1943 514 2022 quosdam
536 1943 654 2001 duxisse
674 1943 835 2020 Vergilium
859 1951 929 2021 puto
954 1944 1007 2019 (eo
1031 1942 1117 2016 loco,
1142 1940 1191 2000 ubi
1224 1949 1254 2001 et

142 2049 198 2110 alla
217 2049 347 2111 Enniana
370 2051 463 2111 latere
487 2067 574 2128 supra
603 2051 762 2108 monuImus
783 2050 818 2109 ad
840 2047 852 2107 I
875 2048 910 2107 tr.
932 2047 969 2128 b)
998 2049 1072 2108 Aen.
1096 2045 1164 2108 VIII
1191 2045 1252 2108 642

142 2161 220 2217 baud
235 2165 339 2234 procul
357 2162 421 2218 sude
443 2164 514 2218 citae
536 2161 651 2216 Mettum
673 2163 703 2216 iu
722 2161 833 2216 diuersa
856 2161 1009 2234 quadn'pae
1029 2158 1253 2214 Distuleraut-

140 2274 171 2323 at
190 2274 218 2324 tu
239 2270 327 2339 dictu,
349 2268 462 2337 Albane,
483 2269 693 2335 maneresl—-,
712 2268 954 2340 raptabatque
975 2269 1053 2323 uiri
1072 2265 1253 2320 mendacis

141 2377 289 2431 uiscera
309 2375 515 2432 TulluePer
536 2374 677 2440 siluam,
700 2379 731 2428 et
745 2377 869 2444 sparsi
883 2373 1062 2430 rorabant
1078 2373 1253 2445 sanquine

141 2495 286 2551 uepres.
331 2474 433 2534 Restat
456 2494 472 2533 e
495 2473 572 2533 Tulli
595 2493 687 2552 regno
708 2475 803 2534 Albae
827 2477 985 2537 excidium:
1007 2476 1089 2535 cuius
1111 2479 1155 2536 rei
1174 2477 1251 2554 frag·

142 2583 217 2640 mina
236 2580 307 2641 licet
332 2600 369 2640 ex
400 2581 530 2641 eiusdem
550 2579 674 2660 Vergilii
704 2584 862 2644 imitatione
885 2583 959 2643 ben.
990 2581 1016 2642 ll
1046 2581 1107 2643 486
1138 2581 1251 2663 (XVII)

143 2689 300 2765 expiscari.
323 2687 444 2747 Ennium
463 2689 549 2763 enim,
571 2708 656 2767 quem
679 2707 736 2749 non
754 2691 891 2765 nominat,
916 2690 1061 2767 significat
1080 2689 1200 2749 Serqus
1225 2691 1252 2748 ln

142 2792 215 2857 ben,
239 2792 259 2852 l.
280 2793 299 2853 l.
324 2799 359 2855 de
380 2799 485 2855 Albano
508 2800 615 2856 excidio
637 2803 789 2857 translatas
808 2807 849 2857 eat
863 2802 948 2856 baua.
986 2793 1115 2854 Eundem
1133 2798 1252 2876 respicit

141 2899 268 2959 fortasse
281 2901 308 2958 iu
323 2900 397 2960 Aen.
412 2901 438 2961 II
453 2901 513 2962 313
521 2907 687 2979 plerumque
701 2909 772 2963 euim
785 2907 824 2962 ad
833 2907 926 2962 tubam
938 2911 1101 2960 euertuntur
1114 2907 1251 2961 ciuitates:

140 3012 211 3064 sicut
222 3010 319 3065 Album
335 3012 431 3068 Tullus
442 3012 576 3069 Hostilius
594 3015 673 3068 iussit
693 3015 788 3068 euertr'.
822 3006 999 3086 Quamquam
1017 3008 1100 3066 ulmis
1112 3008 1251 3067 incertum

141 3119 205 3186 est,
227 3112 283 3171 ino.
303 3113 365 3173 sed.
385 3114 488 3192 fragm.
504 3113 572 3174 VIII
588 3115 671 3174 buius
688 3114 774 3173 tubae
790 3120 937 3175 terribilem
951 3121 1068 3176 sonitum
1083 3115 1250 3191 sIgnilicari.

226 3217 349 3278 Ancus
368 3219 531 3280 Marcius
555 3221 633 3299 quod
647 3239 722 3279 nunc
743 3220 857 3278 nomIne
874 3220 980 3279 dicitur
996 3221 1032 3280 lr.
1051 3219 1145 3280 XVIII
1161 3221 1250 3281 llber-

141 3325 180 3401 gii
204 3326 398 3386 emendationi
420 3327 553 3387 debetur.
588 3325 685 3403 Atque
708 3325 765 3384 boo
781 3325 851 3385 licet
873 3326 1079 3403 probabilitate
1102 3331 1250 3389 coniectu·

142 3431 330 3506 recudatur,
355 3431 429 3492 Anci
451 3434 549 3515 resin
568 3431 625 3491 boc
649 3431 723 3491 libro
748 3441 886 3493 tractatas
914 3433 1022 3508 luisse,
1047 3435 1083 3494 lr.
1113 3435 1168 3494 XX
1193 3453 1250 3514 quo

141 3536 257 3596 condita
280 3555 314 3596 ac
337 3539 443 3597 munita
463 3537 542 3597 Ostia
572 3536 641 3596 urbs
662 3548 853 3614 memoratur,
886 3540 1022 3600 ostendit.
1069 3539 1121 3601 Cui
1153 3560 1250 3602 narra·

141 3644 211 3702 tioni
233 3643 323 3705 addas
343 3644 433 3704 laceri
455 3663 559 3704 uersus
583 3645 751 3723 particulam
775 3651 915 3708 tcaeruta
932 3661 1021 3724 prata
1037 3646 1137 3727 (XIX)
1162 3657 1192 3708 et
1215 3667 1251 3708 ex

141 3751 260 3809 incertis
283 3762 310 3811 et
333 3756 439 3811 Tiberis
457 3757 560 3827 ttamen
581 3757 664 3812 uomit
685 3758 713 3810 in
734 3772 812 3812 mare
831 3761 936 3816 sulcum
960 3756 1031 3833 (inc.
1052 3754 1115 3815 sed.
1138 3754 1206 3835 IX).

225 3856 372 3918 Tertius
396 3859 540 3919 annalis
556 3859 639 3918 trium
650 3860 698 3937 qui
709 3863 849 3937 postremi
862 3871 928 3921 sunt
941 3880 1042 3939 regum
1056 3860 1250 3921 Romanorum

140 3983 189 4024 res
211 3975 311 4042 gestas
336 3974 366 4026 et
387 3968 470 4043 regni
491 3967 599 4025 ruInam
622 3968 852 4045 comprehendit.
898 3969 983 4043 Quod
1003 3970 1058 4028 etsi
1080 3969 1151 4046 ipsis
1171 3969 1249 4046 frag·

138 4074 241 4133 mentis
262 4091 319 4132 non
339 4075 465 4151 cogitur,
488 4074 579 4150 exigit
600 4083 695 4133 tamen
716 4076 843 4134 narratio
859 4075 1052 4154 aequabiliter
1070 4076 1098 4134 in
1116 4077 1248 4154 singulos

140 4178 231 4238 libros
253 4179 413 4240 distributa.
452 4180 524 4240 Illud
543 4181 669 4255 dubium,
690 4179 802 4240 liberae
817 4184 859 4240 rei
876 4182 1012 4260 publicae
1030 4193 1111 4242 ortus
1127 4184 1162 4244 ad
1179 4184 1247 4245 bun·

139 4287 204 4346 cine
220 4285 322 4347 librum
338 4305 373 4348 an
389 4288 424 4347 ad
439 4290 598 4366 proximum
615 4289 769 4366 pertiueat.
791 4287 836 4346 De
849 4285 1006 4366 TarquInio
1022 4289 1093 4350 licet
1108 4291 1249 4368 quaedam
