2834 4988
640 397 875 456 ANNALIVM

306 561 405 632 lllarei
425 562 512 632 lilius

370 719 378 734 .
431 667 460 735 is
483 666 605 736 dictust
622 667 697 737 ollis
716 668 932 758 popularibus
955 672 1031 740 olim

308 767 369 851 Oui
390 774 459 838 tum
476 771 631 840 uiuebant
653 771 803 841 homines
823 777 921 865 atque
942 797 1062 844 aeuum
1083 776 1252 868 agitabant

307 871 386 940 Flos
404 873 566 943 delibatus
584 874 698 966 populi
719 876 909 969 suadaeque
928 879 1081 948 medulla.

729 1017 764 1087 V
779 1016 797 1054 ³l¹

217 1135 279 1228 3.¹⁰
306 1131 453 1200 Nauibus
474 1133 651 1224 explebant
673 1156 750 1235 sese
772 1139 944 1231 terrasque
963 1136 1143 1229 replebant.

719 1280 767 1350 Vl
781 1278 797 1315 *

306 1392 421 1463 Africa
438 1393 573 1464 terribili
592 1395 701 1466 tremit
718 1396 852 1466 horrida
869 1399 958 1464 terra
974 1393 1116 1463 tumultu

203 1601 257 1642 tum
277 1592 315 1641 illi
338 1593 455 1643 homines
479 1594 566 1642 liorem
587 1594 678 1658 populi
701 1608 758 1644 esse
784 1595 912 1646 dixerunt.
947 1593 1137 1657 Suadaeque
1159 1592 1313 1643 medulla.

204 1655 304 1711 Πειθώ
322 1678 397 1726 quam
411 1673 502 1712 uocant
515 1665 618 1723 Graeci,
638 1665 710 1712 cuius
724 1665 827 1714 effector
841 1674 880 1714 est
894 1672 991 1725 orator,
1015 1663 1080 1712 hanc
1099 1663 1206 1712 suadam
1224 1663 1315 1728 appel-

204 1733 267 1782 lauit
278 1733 392 1792 Ennius;
417 1734 472 1782 eius
486 1742 570 1782 autem
586 1733 725 1799 Cethegum
742 1735 881 1785 medullam
900 1733 981 1783 luisse
1000 1734 1055 1782 nult
1163 1741 1188 1781 at
1207 1733 1250 1781 hic
1268 1735 1315 1782 Ce-

202 1803 295 1868 thegus
315 1803 404 1852 consul
421 1819 478 1852 cum
491 1805 519 1853 P.
535 1803 661 1853 Tuditano
674 1803 722 1852 fuit
739 1805 807 1855 bello
821 1805 917 1855 Punico
931 1804 1043 1853 seeundo
1140 1812 1165 1852 et
1182 1803 1210 1852 id
1229 1804 1314 1868 ipsum

203 1873 253 1921 nisi
266 1874 341 1921 nnius
361 1881 428 1922 esset
440 1873 515 1922 Ennii
531 1873 676 1923 testimonio
691 1875 837 1940 cognitum,
859 1873 926 1922 hunc
938 1880 1066 1934 uetustas,
1085 1882 1113 1920 ut
1126 1872 1191 1921 alios
1205 1871 1314 1922 fortasse

203 1943 310 2004 multos,
330 1943 459 1993 obliuione
478 1943 622 1992 obruisset!
654 1942 825 2001 Quintilianus
838 1944 875 1993 Xl
888 1942 914 2003 3,
930 1942 961 1993 31
983 1948 1057 1992 ‘nam
1070 1943 1141 1992 souis
1156 1943 1273 1991 homiues
1287 1951 1314 1991 ut

204 2027 263 2063 aera
281 2013 374 2062 tinnitu
389 2013 572 2078 dignoscimus.
605 2014 642 2061 lta
655 2014 698 2062 flet
711 2013 775 2063 illud
789 2015 858 2078 quod
872 2013 969 2063 Ennius
982 2013 1074 2078 probat
1093 2027 1150 2061 cum
1163 2013 1226 2062 dicit
1239 2028 1313 2060 sua-

203 2084 392 2145 uiloquenti
411 2098 465 2132 ore
484 2082 661 2148 Cethegum
678 2082 777 2134 fnisse)
806 2083 904 2134 Gellius
918 2082 993 2132 14112
1014 2083 1055 2130 ‘in
1074 2082 1141 2131 libro
1157 2083 1225 2132 enlm
1246 2084 1314 2130 uice-

203 2153 268 2203 simo
286 2153 399 2202 secundo
415 2152 582 2218 epistularum
601 2152 736 2202 moralium
756 2169 819 2217 quaa
835 2154 869 2205 ad
885 2152 1012 2202 Lucilium
1031 2153 1187 2218 composuit’
1205 2151 1252 2217 (Α.
1267 2152 1313 2202 Se-

203 2221 279 2287 neca)
294 2223 466 2272 ‘deridiculos
480 2237 570 2271 uersus
585 2220 781 2280 animumne
795 2222 920 2288 Cethego·
937 2222 1052 2289 (dccet
1066 2235 1124 2287 ego
1138 2221 1214 2270 Bern.
1227 2221 1311 2287 Lugd.

203 2293 267 2358 Reg.
289 2293 326 2342 de
339 2302 451 2358 cetego
466 2307 531 2342 corr.
545 2291 636 2356 Bern.)
667 2294 786 2355 ‘antiquo
805 2295 861 2342 uiro
883 2292 977 2341 fecisse
994 2292 1042 2341 hos
1062 2292 1137 2341 dicit:
1162 2292 1185 2340 is
1203 2291 1311 2340 dictust’

204 2379 228 2416 e.
248 2379 273 2424 q.
294 2378 315 2412 s.
353 2367 398 2411 ‘ac
418 2362 511 2410 deinde
529 2361 619 2410 scribit
638 2361 671 2411 de
693 2363 785 2412 iisdem
803 2363 922 2412 uersibus
937 2362 1017 2412 uerba
1032 2362 1110 2411 haec:
1133 2361 1246 2411 admiror
1261 2361 1313 2411 elo-

204 2432 384 2494 quentissimos
400 2432 472 2480 uiros
488 2438 513 2480 et
528 2431 629 2480 deditos
647 2432 729 2481 Ennio
748 2447 795 2497 pro
815 2433 919 2498 optimis
936 2431 1047 2480 ridicula
1064 2431 1192 2481 laudasse.
1224 2430 1313 2481 Cicero

203 2510 271 2551 certe
289 2503 354 2551 inter
366 2502 447 2550 bonos
465 2503 522 2550 eins
541 2515 632 2550 uersus
645 2509 671 2550 et
683 2501 730 2551 bos
743 2502 838 2552 refert.'
864 2502 970 2552 Seruius
984 2502 1010 2549 iu
1022 2503 1088 2553 Aen.
1102 2499 1229 2551 11111500
1252 2501 1313 2549 ‘llos

201 2578 330 2621 ueterum:
343 2571 504 2620 Ennianum’
529 2569 617 2620 Cicero
630 2570 685 2620 Cat.
698 2573 758 2621 mai.
775 2572 817 2632 14,
827 2573 861 2624 50
881 2571 929 2621 ‘M.
938 2585 1002 2622 uero
1009 2570 1149 2635 Cethegum
1158 2584 1233 2633 quem
1246 2578 1313 2621 recte

203 2640 324 2690 suadae
337 2640 510 2690 medullam
523 2640 589 2688 dixit
601 2641 716 2692 Ennius·
742 2640 913 2699 Quintilianus
926 2643 950 2690 ll
965 2641 1006 2701 15,
1021 2641 1038 2689 4
1055 2636 1208 2707 (isocrates)
1223 2639 1313 2689 ‘linem

202 2711 264 2760 artis
277 2718 372 2759 temere
385 2709 590 2775 comprehendit,
609 2710 698 2760 dicens
716 2726 774 2761 esse
785 2711 928 2762 rhetoricen
943 2710 1115 2776 persuadendi
1133 2709 1266 2774 opificem,
1286 2709 1313 2758 id

203 2789 241 2830 est
256 2774 378 2836 πειθοῦς
393 2771 584 2844 δημιουργόνς
607 2794 690 2843 nsque
706 2782 774 2831 enirn
788 2781 852 2831 mihi
870 2779 1032 2848 permiserim
1046 2779 1135 2830 eadem
1148 2780 1186 2828 uti
1200 2777 1313 2829 declina-

202 2850 271 2899 tione
285 2863 336 2912 qua
348 2849 445 2899 Ennius
462 2849 496 2898 M.
511 2849 651 2915 Cethegum
670 2851 790 2901 suadae
809 2850 984 2901 medullam
1004 2849 1096 2899 uocat!
1167 2850 1191 2899 V
1206 2847 1312 2898 Seruius

202 2919 228 2968 in
241 2922 305 2969 Aen.
321 2920 355 2968 Vi
368 2920 420 2970 545
444 2919 570 2984 ‘explebo
584 2927 624 2968 est
635 2921 756 2971 minuam.
787 2935 846 2971 narn
858 2921 894 2971 ait
906 2920 1017 2970 Ennius:
1037 2918 1160 2968 nauibus·
1178 2935 1201 2968 e.
1215 2933 1240 2980 q.
1254 2933 1276 2968 s.

236 2990 272 3039 Vl
290 2989 380 3039 Festus
393 3004 421 3055 p.
437 2986 486 3040 153
500 2989 534 3038 Μ.
555 2991 727 3054 ‘metonymia
739 3027 745 3040 .
756 3027 763 3040 .
773 3027 780 3040 .
792 3027 798 3040 .
811 2998 839 3039 ut
851 2990 948 3040 Ennius
963 3004 1020 3038 curn
1034 2989 1082 3038 ait:
1096 2988 1197 3038 Africa’
1211 3004 1234 3041 e.
1250 3003 1275 3050 q.
1289 3003 1310 3036 s.

202 3059 290 3110 Cicero
310 3058 379 3109 Orat.
400 3060 443 3120 27,
461 3056 496 3112 93
520 3059 606 3122 ‘quod
625 3075 778 3124 quamquam
796 3059 973 3110 transferendo
997 3058 1039 3117 m,
1065 3066 1148 3119 tamen
1166 3056 1217 3108 alio
1235 3058 1311 3106 modo

200 3129 343 3190 transtulit,
361 3145 419 3178 cum
432 3129 499 3179 dixit
511 3129 621 3179 Ennius:
647 3138 742 3181 arceat
755 3131 818 3180 urbe
832 3129 895 3190 orba
907 3144 979 3188 sum;
1001 3127 1052 3177 alic
1066 3128 1152 3190 modo,
1169 3128 1192 3176 si
1205 3141 1252 3192 pro
1266 3141 1312 3193 pa-

200 3199 250 3249 tria
268 3215 353 3249 arcem
372 3199 495 3259 dixisset;
530 3206 555 3249 et
573 3198 738 3250 horridam
759 3200 903 3249 Africam
928 3197 1077 3248 terribili
1100 3205 1238 3247 tremere
1262 3205 1312 3246 tn-

200 3269 302 3330 multu
323 3285 381 3319 curn
395 3269 473 3329 dicit,
498 3284 544 3334 pro
557 3269 628 3319 Afris
642 3271 750 3320 inmutat
763 3270 903 3320 Africam!
939 3265 1311 3327 ldemdeorat.11142,167

201 3344 249 3389 ‘ne
268 3339 313 3388 illa
326 3339 429 3401 quidem
443 3339 568 3389 traductio
582 3346 658 3402 atque
678 3340 810 3390 inmutatio
828 3341 854 3388 iu
873 3338 951 3388 uerbo
973 3337 1100 3401 quandam
1117 3336 1311 3386 fabricationem
1404 3391 1409 3397 .

199 3407 277 3469 habet
298 3409 398 3474 [sedin
419 3407 558 3473 orationeJ:
591 3408 690 3458 Africa·
714 3426 736 3460 e.
756 3425 780 3472 q.
800 3425 822 3460 s.
856 3414 917 3474 ‘pro
938 3406 1009 3457 Afris
1026 3413 1065 3456 est
1083 3415 1185 3472 sumpta
1202 3405 1310 3455 Africa!

200 3477 292 3544 (Deest
303 3480 329 3527 in
341 3478 394 3528 Erl.
409 3475 438 3541 a)
469 3472 540 3527 Idem
561 3478 595 3527 ad
616 3479 686 3529 Fam.
701 3478 739 3530 IX
757 3481 812 3538 7,2
839 3478 900 3528 ‘sed
918 3476 1027 3526 ridicula
1045 3477 1138 3537 missa;
1159 3477 1310 3542 praesertim

200 3561 258 3595 cunr
273 3547 307 3597 sit
318 3547 384 3597 nihil
396 3546 465 3610 quod
476 3547 618 3597 rideamus:
637 3547 736 3599 Afriea’
751 3564 773 3599 e.
785 3563 810 3612 q.
820 3563 842 3598 s.
868 3548 922 3598 Hoc
939 3547 995 3597 loco
1013 3547 1100 3613 posuit
1113 3544 1162 3600 rh.
1176 3545 1276 3611 flugius

241 3754 294 3812 307
325 3753 349 3808 is
377 3751 479 3808 dictust
504 3752 568 3807 ollis
596 3751 759 3809 Gronouim.
789 3751 881 3808 dicitis
909 3750 1000 3807 dictus
1026 3752 1099 3808 tollis
1127 3750 1198 3824 Reg.
1223 3749 1310 3822 bugd.
1340 3816 1344 3823 ι

199 3836 288 3892 narn.
311 3837 426 3892 dicitis
451 3836 542 3891 dictus
562 3838 635 3892 tollis
659 3837 790 3910 Mogliub.
819 3837 886 3892 dicit
904 3836 950 3891 his
972 3836 1064 3891 dictus
1090 3837 1203 3891 tolleres
1231 3835 1309 3891 Voss.

200 3921 300 3977 dicitas
325 3921 415 3977 dietus
442 3923 515 3976 tollis
540 3921 638 3976 Petou.
665 3922 744 3979 Gellii
772 3921 813 3994 cs.
837 3937 937 3993 supra.
968 3921 992 3976 is
1018 3921 1125 3990 dictus,
1158 3938 1211 3977 om.
1236 3922 1309 3989 ollis,

198 4006 262 4062 libri
282 4009 311 4062 in
331 4007 413 4066 Brut.
518 4009 573 4066 308
600 4008 721 4078 agebant
747 4006 811 4060 liora·
828 4008 857 4061 in
878 4005 960 4066 Brut.
986 4006 1027 4078 cf.
1050 4006 1246 4062 lachmannua
1273 4008 1313 4061 ad

200 4121 394 4183 marrim
498 4128 552 4184 ace
567 4087 818 4200 reptilanem.
903 4126 1103 4196 popunsuaaa
1122 4124 1309 4196 samana

200 4208 271 4280 Reg.
295 4208 393 4265 Peleu.
419 4212 516 4282 populi
541 4213 632 4268 suada
655 4209 787 4281 Macrino.
814 4210 892 4266 Voss.
914 4210 993 4266 Gellii
1096 4219 1148 4274 311
1179 4214 1310 4268 terribilis

199 4293 312 4349 Abrinc.
330 4294 392 4349 nrt.
407 4295 424 4349 b
439 4296 473 4351 de
486 4302 557 4351 orat.
642 4298 739 4352 tremis
755 4293 817 4356 cod.
831 4295 908 4351 Fero
