2834 4988
574 394 926 454 TRAGOEDIARVM

711 563 792 633 XIV

665 667 837 760 Iphigenia

299 769 529 840 ‘Acherontem
542 770 631 839 nrinc
648 771 756 856 obibo,
777 771 833 841 ubi
851 769 966 840 mortis
980 769 1127 840 thesauri
1146 771 1307 841 obiacent.

720 887 787 957 XV

300 1045 307 1060 .
362 1042 369 1058 .
424 1042 431 1058 .
486 1042 494 1058 .
547 991 634 1082 quae
656 1012 744 1060 nunc
768 992 827 1061 abs
837 984 883 1061 ‘te
904 992 1025 1062 uiduae
1047 995 1079 1062 et
1098 996 1212 1062 uastae
1234 991 1309 1061 uir·

857 1095 955 1187 gines
975 1099 1061 1165 sunt.

699 1192 810 1265 XVI*

300 1297 415 1368 Cicero
435 1299 533 1367 Tusc.
553 1297 637 1388 disp.
660 1297 673 1367 I
696 1308 747 1385 48,
773 1308 833 1371 116
859 1301 1053 1371 ‘Monoecus
1071 1322 1137 1371 non
1156 1302 1310 1390 praeter-

196 1403 347 1485 mittitur,
382 1401 437 1494 qui
458 1401 535 1469 item
557 1400 691 1473 oraculo
712 1401 800 1473 edito
823 1402 966 1496 largitus
987 1407 1038 1474 est
1060 1403 1187 1495 patriae
1211 1423 1310 1471 suum

196 1505 403 1598 sanguinem.
441 1503 613 1596 iphigenia
626 1503 748 1575 Aulide
770 1506 863 1576 duci
884 1529 925 1578 se
947 1507 1233 1578 immolandam
1253 1505 1311 1575 iu-

198 1610 267 1695 bet,
296 1612 332 1678 ut
354 1607 540 1678 hostium
563 1607 763 1678 eliciatur
781 1632 866 1680 suo.

597 1751 751 1828 maban
778 1758 901 1829 EXVL

212 2026 227 2042 .-
251 2032 254 2037 -
693 1979 812 2049 Nutrix

210 2090 272 2153 280
299 2079 435 2150 Vtinam
454 2102 496 2149 ne
516 2079 550 2148 in
570 2102 705 2152 nemore
726 2082 817 2154 PeIIo
840 2079 1013 2152 securibus

302 2182 410 2254 Caesa
430 2183 614 2254 accedisset
637 2184 781 2278 abiegna
802 2187 844 2256 ad
865 2183 986 2255 terram
1008 2182 1129 2266 trabes

196 2384 325 2452 Iogorum’
349 2403 371 2435 e.
393 2401 417 2448 q.
438 2401 460 2434 s.
493 2385 562 2434 Idem
577 2386 609 2435 dc
624 2387 677 2436 diu.
697 2389 720 2436 ΙΙ
741 2386 781 2449 13,
796 2385 830 2438 30
853 2385 1028 2435 ‘Democritus
1047 2393 1132 2434 tamen
1152 2396 1202 2432 non
1221 2383 1312 2432 inscite

196 2464 316 2522 nugatur,
344 2463 371 2504 ut
389 2454 526 2520 physicus,
546 2469 595 2517 quo
609 2471 703 2521 genere
720 2457 784 2508 nihil
804 2455 980 2521 arrogantius:
1003 2453 1096 2520 [277]ss
1128 2451 1167 2504 Gi.
1187 2451 1311 2511 Donatus,

195 2541 271 2589 quem
291 2524 472 2575 Fleckeisenus
492 2525 628 2585 indicauit,
648 2526 673 2575 in
694 2527 752 2577 Ter.
770 2526 819 2576 Ad.
834 2526 869 2573 ΙΙΙ
885 2522 910 2588 3,
925 2522 959 2575 32
984 2524 1044 2574 ‘hoc
1060 2523 1170 2589 sumpsit
1184 2524 1261 2587 podia
1280 2522 1313 2571 de

195 2594 240 2643 illo
258 2595 284 2643 in
304 2594 440 2659 physicum
459 2594 610 2660 peruulgato
630 2595 739 2648 ancillae
757 2597 838 2646 dicto:
869 2594 953 2657 quod
971 2602 1019 2643 est
1043 2600 1115 2643 ente
1134 2591 1233 2659 pedes
1251 2606 1312 2640 non
1384 2655 1387 2661 Ι

196 2663 296 2713 uidet:
317 2663 401 2713 caeli
415 2671 579 2713 scrutatur
593 2663 728 2731 plagas!
755 2665 870 2716 Eundem
886 2663 970 2713 locum
981 2664 1067 2713 nescio
1082 2678 1114 2712 an
1128 2659 1313 2727 significauerit
1373 2672 1376 2676 ’

195 2733 293 2782 Nonius
306 2748 333 2799 p.
349 2732 408 2793 145,
423 2732 456 2784 15
477 2736 602 2800 ‘nepam
618 2735 722 2799 quidam
738 2749 857 2786 cancrum
870 2740 959 2799 putant
972 2733 1005 2782 ad
1019 2733 1083 2783 illud
1095 2731 1192 2782 Plauti:
1209 2739 1313 2781 retro-

196 2816 326 2852 uorsum
340 2802 460 2861 cedam,
476 2803 629 2854 imitabor
642 2820 768 2871 nepam;
783 2813 807 2855 et
820 2803 884 2853 illud
897 2803 980 2852 aliud:
1001 2811 1055 2852 aut
1069 2818 1136 2852 cum
1149 2816 1232 2866 nepa
1244 2808 1313 2851 esset

195 2872 301 2922 dubium
316 2873 342 2921 in
353 2880 468 2934 utroque.
491 2872 555 2922 Nem
572 2889 631 2924 nere
643 2889 710 2940 nepa
721 2876 838 2941 scorpius
854 2873 965 2943 dicitur.’
987 2871 1104 2923 Ceterum
1117 2871 1243 2937 quaedam
1256 2871 1313 2921 siue

195 2941 271 2993 Nonii
280 2943 336 2992 siue
347 2957 405 2991 cum
414 2942 537 2992 Ennianis
548 2942 664 2994 Noniano
673 2952 730 2995 ante
740 2945 804 2995 baec
817 2958 881 3007 quae
895 2949 953 2992 sunt
967 2951 1054 2993 esset
1067 2942 1197 2992 dubium
1211 2941 1312 3000 lacuna,

196 3012 246 3062 alsi
260 3011 505 3077 fallen-absumpta.
527 3011 566 3064 Cf.
579 3013 610 3063 ab
624 3014 771 3065 Heinrichio
786 3013 916 3063 laudatum
928 3011 1051 3062 Senecam
1061 3012 1087 3061 in
1096 3019 1181 3061 satura
1190 3010 1223 3060 de
1232 3017 1314 3060 morte

196 3081 297 3133 Claudii
314 3080 364 3132 c.8
383 3081 412 3148 (Ι
433 3097 460 3147 p.
476 3080 528 3133 269
545 3081 644 3148 Hans.)
664 3084 740 3148 ‘quid
759 3085 785 3133 in
799 3081 916 3133 cubiculo
934 3095 980 3131 suo
1001 3082 1079 3132 faciat
1095 3081 1193 3131 nescio:
1217 3087 1242 3130 et
1261 3080 1314 3130 iam

195 3151 602 3218 caeliscrutaturplagas?
621 3153 846 3204 deusfieriuulti'
917 3151 979 3200 XIV
997 3152 1086 3201 Festus
1100 3166 1127 3216 p.
1143 3150 1192 3201 201
1207 3150 1242 3203 Μ.
1261 3150 1313 3199 ‘ob

193 3222 384 3289 praepositione
403 3221 520 3284 antiquos
532 3236 592 3272 usos
610 3238 666 3274 esse
683 3237 729 3289 pro
750 3223 787 3274 ed
807 3221 878 3272 testis
891 3220 1051 3281 estimatus,
1072 3235 1146 3284 quom
1159 3221 1194 3270 ait
1207 3221 1224 3269 Ι.
1238 3219 1313 3269 XIIII

196 3290 253 3358 [IX]
333 3298 357 3341 et
374 3292 401 3340 in
418 3289 553 3356 Iphigenia
691 3292 740 3342 XV
765 3292 870 3343 Seruius
889 3291 964 3340 Fuld.
986 3291 1011 3340 in
1034 3292 1097 3340 Aen.
1118 3291 1129 3339 1
1150 3291 1183 3341 52
1207 3293 1313 3340 ‘uasto

195 3375 241 3428 pro
257 3361 371 3412 desolato
384 3367 484 3410 ueteres
496 3362 633 3426 ponebant.
662 3363 760 3412 Ennius
772 3361 877 3428 lflgenia
893 3361 944 3410 ...’

228 3430 330 3481 Mansa
342 3441 417 3479 axvi
452 3431 462 3479 I
481 3429 555 3481 Rhet.
575 3432 609 3482 ad
622 3432 777 3483 Herennium
795 3433 819 3480 ΙΙ
837 3433 879 3491 22,
902 3429 937 3482 34
956 3429 1012 3480 ‘hic
1031 3430 1058 3480 id
1078 3429 1148 3492 quod
1169 3436 1313 3480 extremum

196 3500 357 3561 dictumest,
376 3499 439 3550 satis
454 3499 502 3549 I'uit
517 3515 660 3566 exponere,
677 3516 709 3552 ne
721 3501 830 3551 Ennium
844 3509 868 3551 et
881 3508 980 3550 ceteros
993 3502 1083 3566 postas
1099 3500 1237 3561 Imitemur,
1257 3500 1314 3562 qni-

237 3676 290 3734 als
311 3691 384 3729 nunc
403 3672 434 3728 0.
452 3672 633 3740 ethberictus,
656 3692 709 3731 om.
727 3675 790 3730 libri
856 3676 939 3731 obibo
956 3677 1068 3732 Aldr‘nu.
1085 3674 1168 3729 adibo
1184 3674 1244 3731 cod.

196 3759 326 3815 obiacent
345 3759 456 3814 Aldina.
488 3757 620 3814 adiacent
641 3760 701 3816 cod.
788 3763 841 3819 280
869 3762 973 3817 utinam
1001 3760 1058 3828 ne]'
1075 3765 1187 3814 utamne
1215 3758 1313 3814 Hatra.

202 3843 288 3900 Vnrr.
303 3842 331 3900 tit
345 3861 381 3899 ne
396 3842 485 3916 Lupd.
500 3843 604 3899 Donati
688 3846 836 3901 securibus
851 3848 948 3914 caesa]
964 3861 1086 3917 unquam
1103 3843 1193 3900 Gund.
1211 3848 1237 3898 et
1250 3844 1313 3899 edd.

194 3935 250 3985 uct.
266 3927 345 4007 num}
360 3927 450 4001 Lupd.
460 3928 564 3984 Donati
646 3933 698 3989 281
718 3945 803 3986 caesa
818 3929 978 3987 accedisset
991 3931 1112 4002 abiegna
1125 3927 1212 4000 Lupd.
1226 3926 1314 4001 Sanp.

194 4033 287 4090 Prisc.
296 4051 329 4106 p.
345 4037 411 4102 751,
434 4033 474 4107 cf.
492 4033 523 4089 O.
540 4034 683 4091 stebecna
696 4036 769 4097 Adri.
785 4053 819 4108 p.
834 4034 891 4091 IX.
914 4053 999 4091 caesa
1019 4007 1177 4091 accidisset
1191 4035 1315 4105 abiegna

196 4119 267 4192 Rep.
285 4119 426 4175 Helberat.
449 4119 566 4186 (sedin
584 4121 636 4177 hoc
654 4120 805 4177 cecidIssct
824 4138 862 4176 m.
882 4122 930 4176 ult.
950 4125 1046 4189 corr.)
1067 4119 1129 4175 ibid.
1156 4134 1244 4173 caesa
1266 4135 1314 4174 ac-

197 4204 314 4261 cidisset
335 4204 458 4275 abiegna
485 4203 577 4261 Varro
607 4208 675 4275 (nisi
691 4206 765 4278 quod
785 4207 896 4277 abgena
912 4206 1040 4274 Iduum),
1057 4205 1186 4277 plerique
1201 4201 1267 4258 libri
1280 4203 1316 4258 de

198 4295 256 4344 nat.
273 4289 350 4344 deor.
367 4292 394 4343 et
407 4288 442 4344 dc
454 4288 525 4362 salo.
541 4306 625 4348 caess
641 4289 821 4347 accedissent
836 4289 940 4362 adigat}
959 4291 1088 4346 Wucrzb.
1103 4288 1142 4343 ad
1154 4287 1226 4343 Her.
1249 4303 1315 4344 cac·
