2834 4988
555 402 797 472 nuurquan

560 595 562 602 .
698 568 714 605 *

224 673 344 743 Preces
362 673 395 741 in
412 672 477 743 hoc
494 674 567 766 regi
586 569 721 745 uuillelmi
740 673 832 742 loco:
860 672 936 742 licet

226 778 424 851 Lacmmare
446 776 549 868 plebi,
567 776 643 870 regi
661 777 802 847 honeste
820 776 888 846 non
906 777 995 846 licet.

697 894 737 926 *li

224 999 405 1093 Postquam
433 998 568 1085 abste,
602 894 829 1092 Aligleimemno,
865 996 899 1064 ut
928 995 1090 1080 uenirem,
1125 996 1233 1089 tetigit

779 1121 879 1168 aures
902 1098 1047 1183 nuntius

226 1203 409 1295 'Extemplo
432 1204 563 1275 edoleui
583 1205 730 1275 iussum:
758 1201 920 1274 concitum
942 1201 1037 1270 tetuli
1058 1201 1210 1294 gradum.

641 1322 716 1393 Xlll

600 1425 749 1497 Achilles

135 1536 196 1597 175
224 1527 492 1619 'Astrologorum
510 1530 609 1622 signa
627 1529 661 1600 in
679 1530 772 1600 caelo
791 1525 930 1619 quaesit,
955 1525 1121 1609 obseruat,
1144 1525 1232 1595 louis

224 1629 306 1701 Cum
339 1654 439 1722 capra
474 1635 530 1702 aul
565 1654 651 1725 nepa
683 1634 742 1704 aut
774 1629 922 1748 exoritur
956 1629 1067 1698 himen
1099 1627 1233 1722 aliquod

224 1835 321 1921 Quod
344 1840 395 1906 est
416 1837 634 1928 antepedes,
657 1837 754 1910 ne‘rno
774 1731 918 2010 sipleellliret:
946 1833 1026 1904 cae'li
1046 1835 1234 1904 scrutantur
1276 1873 1279 1880 ·

784 1961 915 2032 pegae.

122 2134 239 2201 omissis)
252 2139 312 2188 Tur.
336 2142 517 2190 subornare
530 2155 646 2207 uagam
661 2140 867 2206 iphigeniam
886 2139 1003 2207 (relicuis
1017 2135 1134 2201 omissis)
1148 2137 1233 2203 Opitz.

121 2208 152 2256 in
173 2208 278 2258 altero
299 2210 372 2259 loco
393 2210 573 2260 subornare
592 2211 752 2275 Aesopum
774 2220 804 2261 et
825 2210 984 2261 Cimbrum
1006 2210 1039 2258 in
1056 2208 1235 2274 Iphigenia

121 2284 259 2344 agentes
284 2280 560 2344 Agamemnonem
588 2288 616 2328 et
638 2279 813 2330 Menelaum
844 2289 903 2346 post
924 2280 1088 2330 Schuetnium
1108 2277 1233 2342 Berglrius

122 2346 177 2395 Ind.
205 2346 262 2397 lect.
281 2348 361 2398 Marb.
387 2355 450 2399 aest.
479 2347 546 2398 1844
568 2364 594 2413 p.
611 2348 674 2409 XV,
705 2351 747 2412 qui
770 2351 846 2400 etiarn
861 2351 936 2399 Ennii
958 2350 1108 2416 Iphigeniae
1131 2361 1233 2396 uersum

121 2416 241 2482 ascripsit
310 2416 346 2467 XI
369 2419 538 2482 Hieronymus
560 2417 681 2484 Epitaph.
699 2417 835 2485 Nepotiani
855 2434 882 2485 p.
900 2418 951 2470 598
963 2419 1042 2486 Migo.
1068 2416 1233 2483 ‘prudenter-

121 2501 171 2549 que
184 2485 281 2536 Enuius
302 2488 418 2552 plebes
438 2488 473 2537 ait
491 2490 523 2538 in
537 2486 612 2537 hoc'
632 2504 655 2537 e.
673 2503 697 2551 q.
711 2503 733 2537 s.
760 2489 815 2538 Huc
830 2489 926 2539 rettulit
935 2487 1058 2538 Columna
1127 2484 1174 2535 Xll
1192 2483 1234 2536 Gi-

122 2569 180 2605 cero
201 2555 234 2605 ad
246 2556 358 2606 Atticum
373 2557 434 2607 XIII
448 2557 519 2619 47,1
539 2561 773 2622 ‘posteaquam
796 2559 915 2620 abste,
943 2559 1154 2624 Agamemno,
1182 2569 1232 2605 non

120 2632 153 2674 ut
169 2624 367 2676 uenirem...
385 2628 432 2678 sed
443 2635 471 2676 ut
486 2628 625 2677 scriberem
641 2627 762 2693 tetigit
781 2644 878 2678 aures
897 2628 1045 2686 nuntius,
1066 2624 1233 2691 extemplo

121 2694 236 2744 instituta
253 2696 346 2757 omisi;
373 2712 483 2760 eaquae
501 2697 527 2746 in
544 2697 663 2747 manibus
678 2696 820 2759 habebam,
840 2698 935 2758 abieci3
963 2696 1049 2761 quod
1066 2697 1233 2756 iusseras,

119 2763 274 2814 odoleni!
302 2765 418 2830 (aures
443 2804 471 2816 ..
494 2767 651 2817 instituta
672 2781 722 2816 om.
742 2765 827 2833 Med.)
859 2769 913 2818 Huc
933 2767 1063 2817 reuocauit
1084 2765 1235 2816 Ladewicus

123 2833 197 2883 Anal.
213 2849 282 2884 scen.
297 2850 324 2900 p.
341 2837 372 2886 lb
387 2837 453 2887 conl.
470 2837 531 2886 Eur.
546 2837 631 2903 Iphig.
645 2834 705 2888 633.
741 2836 781 2887 Gi.
798 2838 896 2887 Nonius
912 2853 939 2903 p.
954 2836 1015 2896 448,
1032 2836 1064 2885 17
1084 2834 1235 2885 ‘edolare

122 2903 253 2953 labrorum
268 2911 306 2956 est
319 2920 408 2957 uerum
426 2905 550 2966 uerbum,
572 2922 629 2956 enm
647 2906 811 2957 materiarum
831 2906 997 2972 conplanatur
1017 2906 1151 2970 asperitas.
1187 2905 1234 2953 Vsi

122 2981 180 3022 sunt
196 2988 226 3024 eo
240 2973 362 3024 laudandi
377 2977 516 3041 scriptores
531 2977 666 3026 uetustatis
683 2976 760 3026 etiam
775 2976 809 3026 ad
823 2977 887 3026 alias
902 2976 1014 3026 fabricas
1028 2990 1121 3024 rerum.
1153 2975 1235 3023 Varro

121 3042 257 3093 Vlmarco:
278 3058 335 3094 cum
349 3043 485 3111 Quintipor
499 3045 604 3095 Clodius
620 3052 659 3095 tot
673 3046 819 3096 comoedias
834 3047 889 3096 sine
906 3046 960 3095 ulla
975 3044 1063 3095 feeerit
1076 3043 1162 3102 Musa,
1186 3051 1235 3109 ego

120 3127 199 3163 unum
218 3113 333 3164 libellum
351 3129 401 3164 non
424 3115 565 3175 edolem‚
590 3123 624 3165 ut
647 3115 694 3164 ait
712 3115 864 3165 Enniusi’
897 3114 1029 3165 Charisius
1043 3113 1078 3162 IV
1097 3128 1123 3178 p.
1139 3111 1191 3162 248
1205 3113 1233 3161 P.

121 3179 290 3249 (11151111.)
315 3185 473 3249 ‘prosthesis
494 3193 546 3246 est,
566 3200 623 3234 cum
642 3185 741 3251 primae
753 3186 820 3251 parti
834 3184 953 3235 dictionis
966 3193 1009 3234 aut
1026 3183 1109 3232 littera
1122 3182 1236 3231 adicitur

122 3259 164 3300 aut
178 3251 287 3317 syllaba.
315 3252 411 3304 Littera
488 3245 602 3320 syllaba,
623 3262 664 3303 ut:
685 3256 810 3304 concitum
824 3261 842 3303 1.
856 3271 882 3320 g.
903 3269 950 3320 pro
963 3253 1028 3302 tuli.’
1059 3250 1197 3301 Diomedes
1212 3252 1236 3301 ll

121 3336 148 3386 p.
162 3320 214 3373 435
227 3322 257 3371 Ρ.
277 3323 437 3388 ‘prosthesis
458 3333 495 3375 est
512 3324 641 3390 appositio
657 3324 783 3388 quaedam
802 3324 834 3374 ad
853 3323 1008 3390 principium
1027 3321 1154 3371 dictionis.
1182 3320 1235 3370 Lit-

123 3399 193 3441 terae
261 3393 392 3457 syllabae,
411 3401 451 3443 ut:
471 3395 597 3444 concitum
612 3401 631 3443 t.
646 3409 672 3460 g.
689 3408 736 3459 pro
748 3394 814 3443 tuli!
845 3395 898 3444 Hoc
913 3392 1063 3452 frustulum,
1085 3392 1179 3454 dequo
1192 3391 1235 3441 adi

123 3459 248 3510 Naelrium
266 3461 361 3528 Opusc.
375 3465 386 3512 1
400 3461 461 3523 350,
480 3478 530 3513 non
540 3465 627 3530 inepte
642 3479 699 3513 cum
712 3464 889 3529 superioribus
903 3463 1023 3528 coniungi
1036 3460 1064 3511 0.
1079 3460 1236 3511 Ribbeckius

124 3531 222 3580 censuit
290 3531 351 3583 Xlll
371 3531 460 3583 Cicero
474 3534 506 3584 de
520 3549 546 3583 re
560 3550 586 3599 p.
604 3533 670 3594 118,
684 3532 718 3584 30
738 3533 798 3583 ‘illa
816 3533 848 3584 de
863 3532 999 3599 iphigenia
1014 3530 1135 3581 Achillis:
1156 3539 1236 3581 astro-

163 3705 214 3763 171
238 3708 351 3764 antistat
368 3707 515 3776 Columna,
540 3708 578 3780 cf.
595 3707 760 3765 Bitoclcelius
772 3707 848 3764 Mus.
860 3708 958 3780 philol.
983 3705 1044 3763 VII
1058 3710 1111 3766 178
1125 3722 1167 3779 sq.
1186 3723 1235 3762 an-

122 3792 206 3844 testat
225 3791 306 3864 uulqo
399 3793 516 3849 Versum
541 3797 595 3853 173
615 3795 653 3848 ira
673 3800 703 3848 ut
724 3795 828 3864 seraper·
839 3795 987 3866 proposuit
1010 3790 1040 3847 0.
1062 3791 1235 3856 Ribbeckius,

116 3873 419 3948 praecurramus,
436 3879 492 3933 uid.
508 3879 580 3934 Auo.
591 3896 624 3950 p.
640 3878 673 3933 X
677 3877 708 3935 V.
728 3885 913 3951 posteaquam
927 3879 977 3932 ebs
996 3879 1043 3933 ted
1060 3877 1235 3948 Agamemno

120 3958 211 4029 tetigit
225 3975 251 4013 a.
267 3977 295 4014 n.
312 3962 459 4019 Guilelmus
473 3965 500 4017 in
516 3962 613 4020 Cistell.
631 3966 690 4019 14
773 3965 826 4021 nie
843 3963 982 4033 externplo
998 3961 1111 4017 edolaui
1128 3961 1236 4017 iussum

122 4041 332 4103 (1111111111
416 4049 468 4105 111
484 4047 593 4118 quaesit
607 4047 792 4104 Heiutt'chiuo.
811 4047 879 4119 quid
894 4047 930 4103 sit
944 4048 1005 4102 cod.
1024 4047 1132 4118 quaerit
1143 4044 1237 4101 Mauro

120 4129 150 4182 iu
163 4128 207 4183 ed.
222 4143 277 4184 sec.
365 4139 512 4203 opsemat:
527 4132 602 4187 Iouis
614 4131 715 4188 Mcbu.
731 4132 936 4188 obseruationis
948 4132 1008 4187 cod.
1095 4133 1147 4190 116
1162 4146 1236 4202 nepa

120 4210 224 4268 naus.
239 4215 324 4287 nlupa
337 4217 398 4272 cod.
484 4218 580 4271 lumen
589 4216 776 4274 Heinrichiuo.
794 4235 899 4274 numen
917 4217 978 4274 cod.
995 4231 1097 4272 nomen
1112 4216 1193 4286 uulpo

156 4299 265 4366 ,beluae
280 4300 466 4357 Ecurricbiuo.
482 4301 628 4383 beluarum
641 4302 702 4358 cod.
