2834 4988
161 428 211 475 xx
563 418 879 490 deltst'iodsss

160 587 244 645 niuis
273 587 427 663 imaginem
454 587 603 664 perficiat:
634 602 699 644 cum
728 587 811 645 nnius
838 584 904 644 libri
930 584 1010 644 mille
1041 585 1275 663 etquiugeutus

160 693 208 753 nel
230 702 386 753 sescentos
408 693 457 754 uel
481 695 557 755 adeo
579 694 766 770 octingentos
787 710 893 751 uersus
912 693 1004 752 inisse
1024 691 1187 765 adsumam,
1215 707 1279 749 nou

159 799 279 858 muitum
300 818 316 859 a
338 817 411 859 uero
434 818 555 860 numero
577 801 682 862 uideor
707 800 867 860 declinare.
910 799 995 859 l'ude
1019 798 1157 877 adparet,
1183 814 1274 875 quaq-

159 904 221 964 tilla
258 923 327 984 pars
353 907 450 985 quanti
480 907 616 966 carminis
642 906 677 966 ad
705 923 759 965 nos
788 909 973 985 peruenerit:
1008 909 1143 984 quonian
1171 924 1274 967 omues

159 1030 265 1071 uersus
281 1031 477 1092 uersuumque
493 1013 655 1092 particulae
669 1022 853 1092 computatae
869 1017 918 1073 nix
935 1015 1049 1074 tertia·
1059 1024 1172 1095 partem
1190 1016 1273 1074 unius

158 1137 196 1178 ex
218 1119 417 1199 duodeuiginti
437 1120 520 1181 libris
539 1120 713 1199 adaequent.
756 1119 852 1198 larga
870 1123 1009 1180 materies
1028 1123 1057 1180 ei
1077 1123 1126 1199 qui
1141 1120 1273 1181 lieuulae

158 1227 323 1304 exemplum
347 1227 473 1287 imitatus
502 1226 639 1302 elimo,
670 1227 830 1302 dionysio,
867 1227 932 1288 aliis
956 1246 1053 1287 rerum
1076 1228 1271 1307 scriptoribus

156 1349 211 1390 suo
239 1332 373 1412 periculo
401 1334 525 1412 explere
553 1335 681 1394 inmensa
710 1334 863 1394 interualla
892 1336 1076 1413 susceperit,
1110 1336 1138 1393 iu
1164 1333 1270 1413 quibus

157 1440 297 1500 uersiculi
328 1448 358 1499 nt
387 1439 462 1519 apud
491 1440 653 1518 Vergilium
679 1440 722 1500 illi
744 1443 821 1501 ‘rari
849 1449 951 1500 nantes
978 1442 1007 1500 iu
1026 1443 1144 1519 gurgite
1164 1444 1270 1502 uasto'

156 1555 307 1622 ungantur.
353 1548 412 1608 Sed
435 1547 555 1608 annales
577 1547 725 1607 Romanos
747 1550 869 1628 spiritu,
895 1549 921 1607 si
937 1547 982 1608 dis
997 1547 1112 1626 placet,
1136 1545 1269 1608 Enniano

156 1652 346 1713 conscribere
372 1654 438 1714 aliis
465 1656 615 1734 relinquo,
649 1658 715 1734 ipse
742 1664 896 1715 contentus
923 1657 948 1714 si
969 1671 1027 1713 uou
1056 1654 1214 1715 infeliciter
1237 1664 1268 1715 et

155 1758 228 1818 lines
250 1769 478 1839 argumentoque
498 1760 636 1821 librorum
659 1770 688 1821 et
709 1761 866 1822 mediocris
888 1777 1025 1820 uersuum
1045 1760 1137 1839 partis
1161 1775 1268 1817 nexum

154 1884 190 1925 ac
211 1883 330 1928 sensum
351 1867 490 1945 indagare
510 1869 675 1947 contigerit.

238 1973 477 2051 Fragmentornm
499 1992 620 2035 numero
641 1975 760 2035 relicuis
782 1975 871 2036 iacile
894 1980 1025 2054 praestat
1048 1972 1184 2051 primns
1205 1988 1266 2031 ιιι·

152 2078 227 2140 naii
235 2098 265 2139 s:
296 2083 324 2140 iu
351 2100 437 2160 quem
459 2099 517 2142 non
544 2099 657 2162 paucos
678 2101 782 2143 uersus
810 2083 979 2162 opinatione
1003 2078 1085 2140 intuli
1106 2080 1171 2137 siu'e
1193 2077 1264 2138 alio·

151 2204 214 2245 mm
242 2188 305 2247 siue
334 2206 417 2249 mea:
447 2206 503 2248 nec
530 2191 555 2248 si
584 2193 630 2250 cni
656 2190 745 2269 paulo
775 2190 823 2249 bic
849 2188 970 2248 liberius
997 2205 1068 2246 usus
1096 2187 1264 2246 coniectura

151 2293 269 2370 uidear,
299 2293 327 2354 id
355 2297 419 2356 sine
446 2297 560 2356 ratione
586 2295 702 2355 iactum.
747 2293 861 2373 Nempe
884 2313 923 2354 ex
950 2294 1038 2353 initiis
1059 2295 1157 2372 potius
1180 2309 1264 2372 quam

151 2417 169 2459 e
188 2399 291 2460 mediis
315 2410 345 2460 et
373 2404 512 2462 extremis
534 2399 709 2462 carminibus
729 2401 910 2477 grammatici
931 2399 1107 2478 depromere
1128 2399 1263 2479 exempla

73 2504 78 2515 '
151 2507 264 2566 solent:
293 2516 324 2568 nt
345 2507 529 2587 probabilior
553 2509 591 2567 sit
619 2507 677 2568 boc
705 2510 821 2568 nomine
845 2509 970 2587 suspitio
998 2524 1073 2586 qnae
1098 2505 1166 2566 buic
1188 2505 1262 2566 libro

35 2669 38 2675 .
150 2630 234 2691 quam
257 2630 332 2691 quae
354 2614 403 2674 alii
425 2614 531 2675 tribnat
554 2612 728 2692 iregmema

234 2718 392 2781 Exordium
420 2719 529 2780 Ennius
554 2719 709 2781 Homerum
742 2721 866 2780 imitatus
902 2722 980 2799 capit
1012 2717 1049 2780 ab
1078 2719 1261 2778 inuocatione

148 2823 293 2885 Husarum
310 2827 374 2886 siue
389 2823 612 2902 Camenarum,
636 2845 709 2905 quas
725 2836 844 2887 ueteres
858 2827 949 2887 Latini
968 2823 1112 2886 uocabant
1125 2823 1259 2903 (ll.lll):

147 2948 266 3009 quarum
288 2933 366 3010 qnod
388 2933 436 2993 bic
456 2934 632 2993 mentionem
654 2933 770 3009 iniecit,
801 2954 839 2995 ex
865 2951 947 2994 more
972 2933 1044 2993 fecit
1070 2939 1179 3010 poeta,
1211 2931 1258 3009 qui

147 3037 256 3097 inferre
282 3056 374 3099 noces
395 3041 570 3119 peregrinas
593 3040 620 3097 in
644 3041 766 3117 patrium
788 3057 953 3098 sermonem
973 3039 1037 3099 iere
1059 3040 1114 3098 nisi
1136 3039 1257 3118 explici·

146 3153 191 3206 tas
220 3153 249 3204 et
278 3162 342 3205 cum
373 3144 543 3224 uulgaribns
575 3145 753 3223 compositas
783 3146 889 3205 noluit:
925 3144 962 3205 de
988 3163 1047 3223 qno
1078 3161 1160 3204 more
1191 3143 1258 3204 alibi

144 3251 228 3330 plura
248 3268 433 3330 expromam:
455 3252 526 3314 illud
549 3260 656 3313 tantum
671 3251 759 3312 modo
781 3255 898 3329 mirum,
920 3251 997 3330 qnod
1017 3250 1066 3311 uel
1082 3253 1109 3310 in
1125 3252 1257 3311 carminis

144 3358 318 3437 prohoemio
341 3370 371 3419 et
393 3360 421 3417 in
436 3358 582 3419 linearum
602 3358 802 3438 adpellatione
824 3359 1041 3436 grammaticum
1063 3359 1137 3436 agit:
1160 3376 1255 3437 quum

144 3483 229 3543 quam
258 3467 306 3525 uix
329 3467 473 3544 aptiorem
499 3464 566 3524 huic
587 3466 685 3525 uersni
709 3467 810 3526 sedem
833 3483 915 3543 qnam
946 3465 973 3521 in
1001 3467 1092 3542 prima
1111 3464 1255 3525 linearum

144 3572 419 3632 commemoratione
440 3571 584 3648 reperias.
630 3570 735 3631 Earum
757 3589 831 3652 ope,
855 3570 1036 3645 muldeins,
1061 3572 1171 3632 clarum
1194 3590 1255 3632 car·

142 3698 207 3738 men
231 3689 261 3738 et
287 3676 440 3738 inmortale
469 3677 592 3736 futurum
617 3689 773 3754 auguratus
796 3699 812 3741 a
834 3679 976 3762 φιλαυτίᾳ
998 3677 1114 3738 scilicet
1136 3695 1195 3737 non
1218 3678 1254 3737 itu

140 3782 253 3845 alienus
275 3792 364 3864 po’eta
387 3783 460 3864 (iv)
484 3784 586 3843 nescio
610 3782 714 3861 quibus
736 3785 876 3863 gradibus
899 3794 928 3845 et
954 3802 1012 3863 quo
1035 3802 1111 3844 nexu
1137 3794 1251 3845 senten·

141 3893 200 3953 tiae
220 3890 255 3952 ad
275 3889 348 3951 illud
370 3890 491 3951 celebre
510 3890 649 3951 somnium
672 3895 788 3970 pergit,
812 3893 888 3953 nude
911 3892 1036 3970 diligens
1053 3891 1138 3952 Ennii
1159 3900 1253 3952 secta·

29 4070 31 4074 q
141 4006 187 4057 tor
205 3997 355 4075 Vergilius
385 3997 505 4057 colores
528 3997 668 4076 quosdam
696 3999 799 4058 somnii
821 3999 942 4059 Aeneae
970 3997 1161 4077 deprompsit.
1206 3994 1251 4058 (ll.

140 4102 214 4163 Aen.
232 4103 259 4164 ll
274 4102 335 4163 270
348 4119 413 4180 sqq.
431 4111 461 4162 et
473 4104 593 4163 Seruius
605 4103 641 4163 ad
654 4104 682 4163 b.
697 4104 716 4163 l.
771 4104 855 4165 Ennii
866 4107 1017 4181 somnium,
1035 4101 1252 4181 onius-puncuia

139 4209 280 4288 quaedam
300 4209 424 4285 uestigia
442 4220 558 4286 extant,
582 4213 666 4289 qnasi
683 4210 825 4292 τηλαυγὲς
840 4205 1001 4292 πρόσωπον
1021 4210 1050 4268 in
1071 4209 1137 4287 ipso
1155 4208 1250 4270 liniue
1315 4244 1318 4251 -

138 4314 272 4398 carminis
297 4316 424 4393 positum
448 4316 539 4377 luisse
567 4317 657 4396 aliqui
680 4324 772 4409 testes
798 4316 928 4394 tradunt,
965 4315 1019 4377 sed
1046 4317 1087 4378 ita
1115 4323 1146 4397 ut
1172 4312 1251 4375 ueris
