2834 4988
587 255 816 312 ΕΝΝΙΑΝΑΕ
1199 265 1260 315 xct

145 418 231 480 dictis
262 437 298 480 ac
330 420 498 499 praeceptis
528 419 565 482 dc
595 421 723 481 moribus
746 422 943 497 distinxisset,
972 420 1093 480 Ennium
1116 421 1258 484 credibile

144 534 189 585 est
211 525 278 585 inde
296 524 379 586 buius
398 526 517 603 generis
542 545 616 605 quae
648 530 711 588 usui
745 531 927 603 uiderentur,
959 528 1139 606 expiscatum
1172 545 1256 587 esse:

143 650 314 711 quamquam
346 635 454 693 certius
492 633 620 694 iudicare
659 645 714 694 tam
745 634 828 695 Ennii
860 653 944 713 quam
979 633 1094 693 Sotadis
1122 633 1256 711 reliquia-

144 756 206 797 rum
233 740 358 798 tenuitas
389 759 447 799 non
476 742 551 800 sinit.
602 741 774 819 Fragmenta
805 750 860 800 tam
895 750 974 799 certa
1004 757 1087 817 quam
1114 739 1258 818 probabili

144 847 312 905 coniectura
335 845 391 906 buc
418 847 509 907 relata
535 856 627 906 metro
651 848 788 907 Sotadico
820 848 1000 924 conscripta:
1028 857 1055 905 at
1084 865 1139 905 nec
1165 846 1257 906 solius

144 953 227 1013 metri
242 969 330 1011 causa
343 951 399 1012 boc
411 970 516 1012 nomen
532 956 648 1015 bertuini
664 957 843 1034 inscriptum,
860 972 914 1014 nec
930 952 1013 1012 buius
1029 954 1138 1012 numeri
1154 972 1257 1012 uersus

144 1057 267 1119 Enniani
290 1076 391 1119 omnes
413 1063 475 1122 iure
498 1063 532 1122 ad
558 1061 615 1122 hoc
634 1070 738 1142 poema
764 1062 945 1121 referuntur:
976 1061 1053 1137 quod
1078 1059 1186 1136 llugius
1207 1077 1256 1119 uo·

145 1166 212 1227 luit:
236 1168 366 1246 quicum
386 1187 451 1227 eum
473 1186 558 1247 quem
575 1167 603 1225 in
617 1176 889 1244 quartosaturarum
914 1168 1037 1245 adposui
1060 1177 1153 1226 metro
1173 1168 1256 1227 Sota·

145 1272 202 1333 deo
231 1274 457 1353 descripsisset,
494 1275 522 1333 in
551 1272 606 1333 hac
630 1283 743 1349 satura,
780 1293 864 1353 quam
891 1290 949 1332 non
976 1273 1120 1333 diuersam
1148 1273 1256 1333 aSota

146 1377 261 1454 habuit,
287 1379 425 1459 quidquid
454 1401 491 1442 ex
513 1381 597 1441 Ennii
625 1380 819 1441 Sotadeorum
849 1382 952 1440 citatur
985 1378 1136 1439 conlocari
1164 1381 1255 1439 iussit.

146 1482 231 1557 Quod
252 1503 304 1545 cur
326 1487 453 1564 probare
478 1506 636 1568 nequeam,
659 1488 698 1548 ibi
720 1490 778 1548 dini
800 1487 849 1547 ubi
871 1486 906 1546 de
927 1486 978 1547 illo
1001 1494 1161 1545 saturarum
1181 1485 1255 1545 libro
1328 1488 1332 1496 '

146 1591 284 1668 exposui:
309 1602 396 1672 atque
421 1605 450 1655 ut
474 1595 560 1655 luerit
581 1596 652 1655 Sota
679 1613 747 1674 pars
772 1605 949 1670 saturarum,
978 1611 1035 1653 non
1057 1601 1102 1651 est
1124 1611 1174 1651 cur
1200 1602 1256 1652 tam

146 1707 207 1758 arte
237 1699 265 1758 in
290 1699 348 1760 boc
376 1708 463 1779 poeta
491 1703 553 1761 eius
584 1704 695 1761 numeri
727 1721 808 1762 usum
847 1701 1131 1774 circumscribamus,
1171 1718 1257 1777 quem

147 1812 251 1880 postea
272 1805 354 1866 multi
381 1815 487 1886 poetae
511 1824 568 1866 non
590 1811 618 1868 in
641 1811 769 1870 saturico
792 1818 898 1869 tantum
922 1825 1032 1885 genere
1056 1805 1255 1866 adhibuerunt.

231 1909 276 1970 Ad
304 1922 416 1974 saturas
442 1917 543 1975 nescio
574 1935 610 1976 an
641 1927 722 1977 recte
750 1915 915 1976 referantur
944 1914 1158 1990 Praecepta
1193 1912 1256 1969 siue

144 2015 422 2097 Protrepticus:
452 2039 516 2082 nam
544 2023 622 2102 quod
650 2032 678 2082 et
699 2022 809 2099 llugius
834 2022 904 2083 uidit
927 2031 955 2080 et
978 2022 1041 2098 ipsc
1070 2019 1163 2080 statim
1186 2035 1254 2078 con-

143 2124 214 2200 ieci,
245 2125 289 2184 sic
319 2125 472 2203 dupliciter
500 2136 589 2206 potita
612 2139 641 2189 et
659 2130 757 2190 Latine
777 2138 806 2188 et
825 2128 938 2188 Graece
974 2145 1059 2185 unum
1088 2125 1192 2185 librum
1214 2125 1254 2184 in·

144 2231 277 2309 scripsit:
300 2230 337 2290 de
360 2233 441 2291 cuius
462 2234 560 2294 indole
584 2236 648 2296 libri
670 2256 705 2296 ac
727 2236 846 2296 materia
869 2235 955 2313 plane
976 2233 1117 2293 caecutio.
1162 2229 1253 2308 Frag-

144 2346 240 2396 mento
269 2337 363 2397 altero
392 2337 532 2401 Columna
561 2360 591 2420 p.
623 2344 678 2403 191
710 2362 766 2403 nou
793 2344 890 2421 inepte
912 2349 992 2419 putat
1015 2339 1254 2416 ‘comparatione

144 2462 181 2503 ex
203 2444 353 2522 agricolae
376 2443 525 2522 diligentia
547 2447 632 2507 ducta
654 2456 771 2527 poetam
790 2449 937 2507 monuisse
959 2452 1112 2522 corruptos
1133 2462 1255 2523 prauos·

144 2569 200 2630 que
227 2549 454 2610 adulescentium
478 2569 590 2629 mores,
620 2565 772 2637 antequam
792 2556 937 2633 llrmiores
959 2554 986 2611 in
1009 2561 1127 2610 teneros
1155 2568 1255 2612 eorum

144 2657 254 2715 animos
284 2655 398 2716 radices
427 2669 515 2736 agant
546 2670 575 2720 et
597 2664 687 2723 maius
721 2663 861 2742 temporis
885 2660 1066 2720 diuturnitate
1096 2660 1255 2736 suscipiant

145 2763 370 2839 incrementum,
399 2765 582 2825 suasionibus
604 2767 687 2824 minis
709 2765 940 2844 uerberibusque
968 2763 1093 2825 funditus
1112 2782 1179 2822 esse
1203 2783 1253 2822 ex·

144 2870 309 2948 tirpandos:
332 2871 410 2948 quod
434 2873 549 2950 quidem
572 2871 699 2952 prudens
722 2870 945 2949 paterfamilias
964 2885 1021 2927 non
1044 2870 1145 2928 minori
1168 2869 1253 2929 scdu-

143 2975 222 3037 litate
255 2974 377 3035 efficere
412 2974 520 3035 debeat
554 2994 637 3056 quam
668 2988 808 3057 expertus
842 2974 989 3052 agricola,
1027 2976 1073 3051 qui
1103 2973 1149 3033 ubi
1175 2974 1254 3034 uidet

143 3100 262 3143 suenum
296 3080 395 3142 lolium
425 3099 564 3142 crescere
598 3086 673 3145 inter
705 3086 829 3144 triticum
864 3081 970 3157 selegit
1002 3080 1130 3138 secernit
1159 3077 1255 3138 aufert

144 3189 277 3250 scdulo'

226 3294 537 3373 Heduphagetica
559 3316 659 3357 uerum
682 3318 749 3360 esse
773 3300 855 3362 huius
880 3295 1012 3357 carminis
1041 3292 1163 3353 indicem
1185 3291 1253 3352 Flo·

143 3404 270 3463 sentinus
293 3400 421 3481 Appulei
442 3402 614 3479 persuadet:
642 3424 694 3483 pro
730 3428 787 3488 quo
817 3406 884 3465 olim
908 3408 1071 3479 Pbopeticm
1109 3405 1254 3477 Pbeperia,

142 3513 347 3586 Hedppatltica‚
367 3511 597 3584 Hedyputltetioa,
619 3511 674 3571 alia
694 3511 837 3573 ferebant.
883 3511 914 3570 ln
937 3526 973 3568 eo
997 3510 1122 3567 carmine
1145 3508 1254 3568 Ennius

142 3615 263 3692 piscium
287 3630 437 3674 censuram
468 3617 527 3691 egit
551 3615 770 3679 Arcbostratum
794 3618 950 3678 Gelensem
976 3624 1111 3690 secutus,
1138 3615 1173 3675 de
1197 3632 1254 3693 quo

142 3720 207 3780 uide
224 3719 442 3795 Bernhardyum
462 3721 525 3782 bitt.
547 3720 651 3781 Graec.
671 3723 697 3782 ll
713 3743 740 3802 p.
764 3723 835 3782 927.
883 3719 1063 3780 Archestrati
1084 3740 1200 3781 carmen
1218 3721 1254 3782 ab

143 3825 204 3885 attis
238 3826 296 3887 alio
328 3827 412 3886 titulo
451 3826 547 3903 (uelut
580 3829 794 3910 γαστρονομία,
832 3818 1019 3905 ebdomadem,
1058 3825 1255 3904 ὄειπνολογία,

143 3921 302 4012 ὀψοποιΐα)
327 3933 395 3991 olim
417 3932 560 3993 laudatum
584 3954 652 3994 esse
675 3935 844 3995 Athenaeus
869 3942 1000 4007 testatur,
1025 3933 1100 3991 idem
1120 3933 1165 3990 coi
1187 3931 1254 3990 reli·
1303 3997 1306 4002 ,

145 4038 222 4114 quius
246 4039 386 4117 quasdam
415 4058 430 4098 e
460 4039 596 4099 uersibus
617 4040 800 4101 llrchestrati
825 4040 975 4099 debemus,
1028 4037 1110 4111 Quae
1140 4035 1255 4114 quidem

145 4139 262 4205 Ennium
294 4146 323 4203 in
350 4146 472 4223 singulis
501 4146 622 4224 propius
653 4155 783 4205 secutum
818 4164 886 4204 esse
917 4143 1098 4204 Archestrati
1130 4143 1256 4219 uestigia
