2834 4988
597 1046 812 1119 ACHILLES

700 1184 713 1253 l
971 1287 1073 1357 ociter

249 1392 356 1462 Se'rua
378 1392 485 1476 ciues,
514 1390 655 1461 delendo
677 1389 823 1473 hosteS„
838 1411 912 1458 cum
933 1391 1237 1480 polesdeiendere.

687 1526 714 1596 ll

249 1685 257 1700 .
311 1685 319 1700 .
373 1678 383 1698 .
436 1653 512 1700 nam
531 1628 678 1700 consiliis
696 1629 875 1714 obuareint,
905 1628 1025 1721 quibus

245 1733 406 1806 Concedit
425 1735 558 1805 Hector.

204 1950 223 2008 5
250 1991 507 2008 .....
561 1960 620 2029 per
639 1834 827 2030 egllldeiim
851 1935 1011 2006 sublimas
1033 1938 1167 2025 subJ'ccs

246 2041 411 2127 'Vmidas‚
441 2043 527 2112 unde
550 2041 654 2112 oritur
672 2041 776 2111 imber
796 2038 907 2111 sonitu
929 2060 1032 2108 saeuo
1052 2043 1084 2108 et
1106 2041 1232 2131 spiritu.

661 2178 710 2248 IV
725 2176 740 2212 *

248 2349 256 2365 .
311 2350 319 2365 .
684 2351 693 2368 .
747 2298 788 2368 do
810 2319 876 2389 ego
897 2293 1031 2388 ingenio
1052 2295 1150 2365 nulus
1171 2318 1260 2366 sum:

247 2400 365 2495 Ae'que
383 2400 581 2471 inimicitiam
600 2405 699 2496 elque
720 2401 894 2473 amicitiem
911 2401 943 2469 in
961 2401 1103 2469 frontem
1118 2421 1261 2492 promp-

807 2505 874 2574 tim
894 2525 988 2595 gero.

177 2704 315 2754 Achiutss
351 2706 362 2756 1
380 2705 477 2757 Nouius
497 2723 526 2774 p.
536 2705 596 2766 277,
607 2705 640 2756 21
661 2704 872 2767 ‘delendere‚
891 2705 970 2766 tueri,
991 2703 1130 2770 depellere.
1162 2704 1260 2756 Ennius

145 2771 244 2823 Achille
260 2775 312 2822 ...'
332 2773 532 2839 (defendere
548 2774 723 2826 debellare
740 2774 848 2842 [tlueri
863 2813 885 2826 ..
904 2778 935 2826 in
950 2773 1089 2825 Achille
1102 2773 1178 2824 Bern.
1195 2771 1224 2840 b)

178 2843 201 2890 ll
220 2840 428 2911 Noniusp.147,
446 2847 479 2896 22
499 2847 683 2896 ‘obussere’
702 2844 904 2911 (obuurrure
922 2841 1011 2908 Leid.)
1036 2847 1197 2908 ‘peruertere
1216 2845 1261 2896 de-

145 2926 261 2976 primere,
277 2912 372 2964 dictum
386 2931 402 2966 a
414 2917 493 2965 ueris.
518 2916 616 2966 Ennius
627 2912 728 2964 Achille
742 2952 747 2962 .
760 2917 790 2964 ..'
861 2906 897 2965 in
916 2915 1013 2964 Nonius
1025 2928 1051 2978 p.
1064 2908 1123 2972 tus,
1137 2913 1151 2962 l
1167 2913 1242 2964 ‘sub
1251 2945 1262 2953 -

145 2982 204 3030 icis
224 2996 289 3032 noue
308 2986 422 3048 positum
439 2993 490 3036 nou
508 3000 524 3035 e
544 2984 707 3042 subiciendo,
732 2985 778 3035 scd
796 2985 940 3035 altitudine.
975 2984 1071 3034 Ennius
1091 2981 1192 3033 Achille
1213 2985 1261 3032 ...⁹

145 3050 234 3101 Festus
245 3067 272 3118 p.
281 3050 373 3104 305M.
389 3056 540 3106 ‘subices
552 3055 649 3105 Ennius
663 3055 690 3103 iu
704 3053 805 3104 Achille
816 3070 863 3121 pro
876 3054 998 3104 subiectis
1012 3051 1111 3118 posuit,
1126 3067 1184 3101 cum
1196 3051 1263 3103 dixit

145 3119 236 3170 nubes:
252 3125 372 3189 per'ego'
390 3141 412 3175 e.
422 3140 475 3188 q.s.
501 3124 598 3175 Gellius
608 3123 643 3173 tv
656 3122 686 3172 17
697 3121 813 3189 (positu,
833 3139 883 3174 non
896 3131 987 3173 nature
1003 3121 1206 3187 praepositiones
1222 3122 1260 3172 ob

143 3188 201 3239 sub
220 3203 275 3240 con
295 3207 352 3243 cum
367 3195 446 3245 uerbo
464 3195 550 3244 isoio
563 3193 718 3259 compositus
732 3192 822 3259 longus
835 3191 904 3256 lieri)
930 3196 1090 3258 ‘congruens
1113 3191 1192 3257 igitur
1212 3198 1260 3253 est,

144 3267 170 3308 ut
197 3261 329 3312 subices
356 3265 448 3325 etism,
482 3264 551 3327 quod
575 3263 684 3330 proinde
708 3271 735 3311 ut
755 3263 841 3313 obices
862 3263 1031 3329 compositum
1056 3267 1109 3320 est,
1136 3276 1153 3309 ιι
1176 3260 1262 3312 littere

143 3329 215 3379 breui
231 3329 282 3381 dici
303 3340 426 3397 oporteat.
459 3333 556 3384 Ennius
575 3334 602 3382 iu
621 3331 767 3398 tragoedia,
794 3349 859 3397 quae
875 3331 990 3382 Achilles
1010 3330 1170 3391 inscribitur,
1190 3331 1262 3382 subi-

144 3415 185 3448 ces
205 3414 251 3466 pro
270 3403 329 3452 edre
350 3403 400 3453 alto
421 3404 507 3469 ponit,
534 3404 578 3467 qui
598 3400 669 3453 eaelo
688 3402 818 3452 subiectus
839 3411 892 3462 est,
916 3403 941 3452 iu
962 3402 1003 3452 his
1023 3401 1141 3450 uersibus
1164 3399 1200 3467 [5.
1217 3398 1260 3467 bl:
1290 3460 1297 3468 ἱ

143 3469 279 3534 plerosque
304 3474 386 3523 omnis
410 3481 495 3523 temen
518 3474 603 3539 legere
625 3472 715 3522 audias
737 3487 754 3520 u
776 3472 861 3523 littere
882 3473 1024 3539 producta!
1101 3472 1136 3520 IV
1164 3470 1261 3522 Gellius

144 3538 207 3589 XIX
221 3539 237 3589 8
259 3540 483 3594 ‘inimicitiam
503 3551 586 3593 eutem
601 3541 629 3602 Q.
645 3542 741 3592 Ennius
762 3543 788 3591 in
807 3543 852 3593 illo
868 3540 1081 3593 memoratissimo
1097 3541 1162 3590 libro
1177 3541 1260 3592 dixit:

187 3721 203 3774 l
228 3717 327 3784 ociter]
347 3734 363 3772 o
381 3718 469 3789 quite
485 3718 575 3774 Bern.
591 3718 613 3783 b,
629 3717 864 3775 om.ccten'libri
967 3722 985 3774 2
1008 3716 1141 3784 deiende]
1166 3716 1264 3773 deien-

146 3799 203 3855 dite
215 3802 330 3857 Berud
434 3808 453 3862 3
465 3804 599 3860 consilius
619 3804 655 3860 W
758 3801 921 3862 lconoedit
931 3802 1034 3856 Hector
1048 3801 1262 3859 &Ribbecltius

145 3891 201 3939 tem
220 3887 350 3942 concedit
366 3887 412 3943 hic
428 3887 497 3943 ordo
519 3888 584 3944 libri
690 3896 707 3947 5
736 3889 871 3944 sublimas
895 3885 1014 3949 Nonius,
1045 3887 1171 3943 Rottend.
1201 3887 1262 3943 Vut.

146 3970 233 4025 Gellii.
249 3973 382 4028 sublimes
398 3975 486 4045 uulpe,
503 3989 555 4028 om.
572 3975 672 4030 Festus
758 3973 863 4029 subicis
883 3971 988 4026 Nonius
1094 3977 1112 4030 6
1130 3971 1263 4027 humidus

145 4054 209 4109 libri
293 4057 358 4112 inde
376 4059 475 4114 Festus
561 4060 654 4115 sonitu
671 4079 694 4115 s.
711 4076 737 4112 e.
754 4059 853 4130 spiritu
869 4072 922 4114 om·
939 4056 1050 4112 Nouius
1132 4073 1220 4112 saeuo
1236 4064 1263 4111 et

145 4139 247 4212 spiritu
274 4142 379 4198 Delrio.
409 4158 496 4198 saeuo
520 4145 620 4214 spiritu
639 4145 746 4200 Festus.
777 4160 846 4199 seuo
875 4141 994 4213 strepitu
1022 4141 1150 4196 Botteud.
1175 4142 1262 4196 settis.

143 4216 235 4281 boenc
251 4229 368 4298 strepitu
381 4227 450 4295 Vnt.
468 4243 555 4284 saeuo
568 4235 596 4284 el
609 4230 722 4301 spiritus
733 4230 818 4283 ceteri
909 4226 1012 4282 Versus
1027 4227 1160 4297 disposuit
1169 4224 1261 4280 Luch-

144 4324 264 4367 ntouuus
277 4313 316 4367 ud
325 4312 409 4367 Lucr.
426 4310 539 4372 111227
647 4317 662 4372 t
684 4331 737 4387 ego
752 4329 806 4368 om.
823 4311 924 4370 Gellius
1030 4314 1047 4368 8
1065 4326 1154 4384 aeque
1171 4311 1262 4383 inistis
