2834 4988
545 390 789 462 aaarovma

644 560 693 630 iv

212 676 392 770 insigneita
413 679 483 748 lere
505 682 574 745 tum
597 677 685 748 milia
706 679 841 748 militurn
866 682 941 748 octo

214 780 312 850 Duxit
335 782 472 852 dilectos
495 778 615 851 bellum
634 782 777 853 tolerare
797 785 950 873 potentes

672 899 712 936 Η

210 998 384 1073 Sollicitari
414 1011 446 1071 te
471 1001 542 1072 Tite
569 898 824 1100 sicboctesque
848 1003 987 1099 diesque

534 1137 550 1174 *
776 1139 792 1175 t

655 1194 671 1232 ss

211 1269 239 1341 Ο
262 1273 334 1342 Tite
355 1275 381 1343 si
405 1275 482 1367 qnid
501 1280 533 1343 te
551 1275 688 1345 adiuero
711 1298 867 1346 curamue
889 1276 1023 1346 leuasse

121 1382 181 1443 340
210 1374 302 1458 Quae
325 1400 412 1447 nunc
433 1382 466 1447 te
484 1377 596 1471 coquit
616 1387 650 1449 et
671 1386 785 1451 uersat
802 1381 835 1449 in
857 1384 992 1472 pectore
1015 1381 1092 1466 fixa,
1173 1405 1178 1412 ¹

208 1479 335 1573 Ecquid
358 1481 419 1551 erit
435 1481 583 1573 praemi?

531 1617 547 1651 at
774 1617 790 1654 tt

652 1674 668 1708 a

209 1751 265 1821 llle
283 1754 335 1823 uir
354 1753 433 1823 bant
450 1776 573 1847 magna
591 1776 665 1827 cnm
684 1777 720 1824 re
739 1758 790 1824 set
806 1756 925 1846 plenus
946 1757 1022 1825 fidei

208 1973 292 2042 ilinc
311 1996 379 2044 nox
396 1977 562 2067 processit
578 1873 683 2046 stellils
703 1974 895 2045 ardentibus
916 1978 1003 2065 apta.

207 2191 300 2262 Sicut
318 2193 347 2262 si
371 2194 502 2286 qnando
519 2093 806 2267 uinclisxblenatica
827 2191 929 2262 uelox

139 2392 173 2442 lV
187 2394 333 2444 Priscianus
344 2396 354 2443 l
366 2410 393 2460 p.
402 2397 485 2447 oser.
500 2396 525 2463 (l
539 2394 660 2463 parte)
674 2396 773 2446 ‘finalis
784 2394 904 2445 dictionis
917 2392 1074 2443 subtrahitur
1086 2409 1110 2442 m
1124 2394 1150 2443 in
1162 2408 1216 2444 me·

104 2469 143 2510 tro
156 2462 321 2528 plerumque,
346 2466 369 2514 si
381 2481 397 2514 a
409 2466 493 2515 uocali
511 2468 601 2532 incipit
615 2482 725 2530 sequens
740 2466 817 2515 dictio
885 2464 1052 2513 uetustissimi
1067 2471 1216 2513 tamennon

105 2546 206 2598 semper
225 2548 280 2583 eam
299 2535 489 2585 subtrahebant.
523 2537 620 2586 Ennius
641 2537 668 2586 in
686 2537 711 2586 X
728 2536 858 2585 annalium
884 2535 936 2583 ...⁸
1008 2534 1030 2583 V
1050 2532 1139 2583 Cicero
1158 2532 1213 2584 (lat.

104 2603 165 2650 mai.
182 2603 206 2659 l,
222 2604 236 2652 l
255 2607 284 2653 ‘e
299 2604 371 2655 'l'ite
391 2642 411 2654 ..
423 2642 444 2654 ..
463 2607 605 2671 praemi?
627 2606 699 2656 Licet
718 2607 786 2655 enim
805 2604 869 2654 mibi
887 2605 1006 2654 ttersibus
1024 2603 1121 2654 eisdem
1140 2604 1215 2653 alfari

104 2679 143 2728 te,
161 2673 259 2736 Attice,
284 2675 377 2737 quibus
395 2675 488 2725 ellatur
501 2677 671 2726 Flamininum
691 2676 749 2726 ille
766 2676 828 2724 uir*
843 2691 865 2723 e.
880 2690 905 2738 q.
919 2690 940 2724 s.
961 2678 1128 2737 ‘quamquam
1146 2682 1215 2723 certo

104 2741 172 2801 scie,
191 2756 241 2791 uon
255 2750 282 2790 ut
296 2744 466 2794 Flamininum
480 2746 674 2796 sollicitari'
696 2764 718 2796 e.
734 2761 759 2808 q.
774 2760 796 2794 s.
867 2745 902 2794 Vl
920 2744 1065 2794 Macrobius
1081 2742 1185 2793 Servi
1200 2744 1213 2794 1

105 2825 131 2875 p.
145 2810 266 2861 4981an.
288 2816 375 2863 ‘axem
395 2830 484 2864 cunero
501 2824 601 2879 torquet
619 2816 701 2866 stellis
719 2815 867 2865 ardentibus
885 2822 981 2880 aptum.
1009 2813 1082 2878 [ben.
1102 2814 1137 2863 lV
1152 2811 1213 2878 482]

105 2881 201 2930 Ennius
214 2883 241 2930 iu
255 2884 353 2948 primo:
373 2882 494 2951 [xxvii]
509 2895 534 2935 et
545 2886 571 2934 in
585 2888 673 2935 tertio:
695 2883 776 2951 [XlV]
791 2893 815 2934 et
829 2885 855 2933 in
868 2884 968 2934 decimo
989 2885 1040 2932 ...'
1063 2882 1166 2949 (idem
1184 2885 1214 2931 in

104 2949 144 2998 X⁰
160 2950 270 3016 Salisb.)
339 2954 384 3003 Vll
404 2955 493 3004 Festus
513 2971 541 3021 p.
561 2957 609 3006 177
624 2956 657 3005 Μ.
680 2956 790 3004 ‘nictit
808 2955 880 3003 canis
901 2956 927 3003 in
947 2953 1084 3003 odorandis
1104 2953 1215 3002 ferarum

145 3146 197 3201 eto
209 3143 349 3214 insignata
358 3143 444 3216 Scap.
452 3144 539 3216 Lapd.
548 3144 688 3200 Helberst.
701 3144 833 3216 insignita
843 3145 928 3198 ceteri
1010 3142 1125 3196 militum
1137 3121 1214 3209 octo]

103 3247 143 3318 cs.
155 3247 352 3304 masmanna
363 3250 495 3306 auster.
509 3247 605 3310 ntes
688 3252 739 3310 aar
756 3227 874 3304 aaronis
890 3246 975 3319 sina.
992 3246 1109 3302 arrectus
1125 3245 1212 3318 napa.

105 3332 229 3389 delectos
256 3337 341 3389 ceteri
425 3337 554 3390 tollerare
582 3334 668 3408 Scap.
775 3338 828 3394 338
855 3334 914 3387 ⁰tite
937 3330 1049 3387 Monac.
1070 3347 1095 3386 e.
1116 3331 1213 3388 Aetice

105 3417 181 3473 Ociti.
251 3420 292 3474 sic
308 3417 514 3475 om.Monac.e
584 3428 681 3474 noctes
695 3417 770 3474 Oebl.
861 3415 1118 3476 mansuescent.
1190 3418 1213 3472 si

104 3503 171 3574 quid
189 3511 214 3558 te
231 3504 368 3559 adiuuere
389 3504 459 3561 Por,
475 3505 569 3577 siquid
590 3507 663 3576 (quit
683 3503 795 3560 Monac.
813 3505 843 3572 c)
867 3518 921 3575 ego
942 3501 1037 3558 adiuto
1061 3500 1173 3557 Monac.
1196 3521 1214 3558 a

103 3588 119 3642 b
140 3603 156 3642 c
179 3588 255 3644 orit.
282 3591 305 3644 si
327 3588 395 3661 quid
416 3607 471 3663 ego
492 3590 629 3646 adiuuere
651 3590 720 3647 eud.
805 3589 932 3656 leuasse]
951 3583 1108 3652 ‚l’leuauero
1130 3604 1215 3643 manu

103 3670 215 3746 antiqua
229 3689 371 3746 superscr.
389 3677 418 3730 in
432 3675 501 3731 Por.
608 3680 661 3735 340
679 3682 793 3731 renunc
810 3672 885 3730 oett.
972 3678 1068 3728 uersat
1088 3672 1128 3740 in]
1153 3690 1215 3728 uer-

104 3765 180 3813 satur
190 3756 303 3815 Monac.
317 3776 333 3814 c
397 3759 478 3815 lirina
490 3761 592 3833 ecquid
608 3763 661 3816 erit
672 3760 742 3816 Gud.
758 3760 814 3814 fixa
825 3766 853 3813 et
865 3773 920 3831 qua
934 3757 1100 3828 deprimeris
1113 3756 1214 3828 ecquid

104 3845 145 3910 (et
168 3844 235 3914 quid
253 3843 365 3899 Monac.
386 3845 415 3912 b)
439 3847 490 3901 erit
509 3845 621 3901 Monac.
641 3863 659 3900 a
682 3846 697 3899 b
717 3861 733 3900 c
757 3843 833 3900 Oeltl.
938 3846 990 3902 est
1013 3843 1114 3914 premii
1143 3841 1212 3898 aad.

103 3961 189 4030 precii
203 3959 318 4017 Monac.
337 3979 354 4016 α
376 3961 392 4015 b
413 3978 430 4017 c
453 3961 528 4018 Ociti.
553 3933 663 4038 {lquid
679 3964 732 4018 erit
747 3963 863 4034 praemii
881 3960 951 4016 Por.
969 3977 1024 4033 ηις.
1041 3976 1126 4015 manu
1143 3962 1213 4033 anti-

103 4061 158 4116 qua
263 4053 317 4106 342
345 4048 390 4101 ille
418 4047 459 4102 uir
481 4049 581 4104 ennius
607 4048 720 4105 Monac.
743 4064 759 4103 e
844 4047 911 4103 haut
938 4044 1049 4101 Monac.
1071 4045 1087 4099 b
1113 4061 1139 4099 c.
1167 4050 1215 4099 aut

104 4120 174 4185 Gudss
198 4129 275 4185 haud
297 4134 382 4186 ceteri
466 4150 529 4187 cum
552 4150 656 4205 magna
675 4151 704 4187 re
724 4132 837 4188 Monac.
862 4150 880 4187 α
903 4132 919 4186 b
942 4146 967 4184 e.
989 4131 1075 4185 multa
1096 4146 1158 4183 cum
1182 4144 1213 4182 re

104 4215 174 4272 Grati.
262 4223 305 4271 set
331 4215 401 4272 Gud.
432 4215 484 4271 sed
511 4221 597 4274 ceteri
679 4218 736 4273 lide
760 4216 837 4274 oeta
941 4219 995 4274 343
1021 4214 1066 4269 hic
1088 4211 1164 4268 Med.
1184 4230 1213 4267 o.

101 4298 174 4356 haec
187 4299 287 4356 Saltab.
360 4303 529 4380 ‚praecessit
541 4302 645 4359 Medi
750 4306 803 4361 344
825 4301 907 4357 sicuti
922 4301 946 4355 si
962 4296 1073 4371 quaudo
1087 4296 1214 4370 Scaliper

961 4392 1009 4454 4,
