2834 4988
619 412 856 471 ANNALIVM

670 579 773 651 XLIII
789 577 805 616 *

285 754 543 772 .....
598 702 777 772 caenacula
795 702 939 772 maxima
957 701 1054 773 caeli·

667 837 777 909 XLIV
789 837 806 876 *

628 960 850 1052 bipatentibus

674 1095 800 1169 XLV*

284 1217 363 1288 Iuno
383 1217 490 1288 Vesta
507 1218 655 1288 Minerua
673 1217 775 1289 Ceres
793 1217 899 1288 Diana
921 1217 1040 1288 Venus
1060 1218 1149 1288 Mars

284 1321 466 1390 Mercurius
484 1321 574 1391 Iouis
592 1321 960 1429 NeptunusVulcanus
985 1320 1118 1414 Apollo.
1220 1382 1222 1388 .

667 1459 777 1530 XLVI
792 1456 808 1495 *

216 1587 256 1648 65
283 1577 468 1669 Respondit
486 1578 569 1651 Iuno
587 1579 744 1650 Saturnia
766 1584 882 1651 sancta
902 1580 1048 1650 dearum.

467 1756 475 1767 =
519 1726 535 1759 u
648 1714 826 1786 XLVII**

282 1834 381 1905 Vnus
402 1835 463 1905 erit
484 1860 581 1931 quern
602 1843 636 1907 tu
658 1836 756 1906 tolles
778 1836 811 1906 in
829 1836 963 1907 caerula
982 1836 1063 1907 caeli

284 1940 421 2029 Templa

214 2125 296 2174 XLIII
316 2123 487 2174 Tertullianus
504 2125 563 2174 adu.
585 2125 686 2175 Valent.
706 2142 727 2176 o.
743 2128 759 2176 7
776 2143 801 2193 p.
817 2126 867 2179 291
886 2126 907 2175 Ι)
928 2125 1022 2191 Rigalt.
1049 2123 1163 2188 ‘primus
1181 2124 1294 2172 omnium

179 2195 276 2244 Ennius
289 2196 366 2258 po'eta
379 2195 508 2243 Romanus
530 2197 708 2245 caenacula
721 2198 861 2247 maxima
874 2194 960 2244 caeli
982 2192 1134 2258 slmpliciter
1146 2195 1294 2257 pronunIIa-

179 2266 216 2313 uit
232 2265 264 2314 de
279 2263 337 2312 elati
353 2265 417 2312 situs
430 2265 532 2314 nomine
551 2264 591 2314 uel
607 2267 668 2329 quia
682 2267 768 2316 Iouem
783 2267 836 2317 illic
851 2265 996 2332 epulantem
1009 2263 1106 2327 legerat
1120 2263 1189 2326 apud
1202 2263 1294 2312 Home-

181 2335 254 2383 rum'
280 2333 367 2382 Schcl.
375 2335 469 2384 Veron.
477 2335 587 2402 inVerg.
596 2336 660 2384 Aen.
669 2335 692 2384 X
701 2335 711 2385 l
721 2352 747 2401 p.
758 2336 807 2386 102
813 2337 878 2386 Keil.
891 2335 1002 2383 ‘Ennius
1012 2346 1062 2382 uon
1073 2339 1170 2381 tantum
1180 2332 1293 2391 domum,

180 2404 227 2454 sed
241 2404 317 2453 etiam
339 2405 528 2453 cenaculum
550 2404 652 2454 caeli.'
685 2406 726 2456 Ad
740 2405 789 2456 hoc
803 2407 908 2456 deorum
922 2402 1056 2453 consilium
1069 2409 1093 2451 et
1105 2401 1154 2451 hoc
1169 2410 1193 2450 et
1206 2404 1294 2467 proxi-

181 2489 250 2523 mum
271 2472 440 2538 fragmentum
473 2474 513 2523 ed.
534 2474 606 2539 Lips.
628 2475 724 2524 rettulit
794 2476 876 2526 XLIV
899 2474 1004 2524 Seruius
1025 2473 1051 2520 in
1071 2472 1135 2520 Aen.
1152 2470 1207 2521 X5
1230 2473 1293 2521 ‘bi-

180 2543 394 2610 patentibus:
413 2543 521 2608 physice
535 2544 611 2593 dixit.
632 2560 691 2594 nam
705 2546 804 2596 caelum
819 2553 890 2611 patet
902 2545 934 2596 ab
947 2552 1003 2592 ortu
1016 2550 1040 2592 et
1055 2555 1156 2591 occasu.
1188 2542 1233 2590 Est
1250 2558 1294 2592 au-

177 2624 229 2664 tem
242 2627 325 2662 sermo
334 2614 465 2662 Ennianus
477 2621 571 2662 tractus
586 2614 618 2662 ab
633 2616 714 2676 ostiis,
730 2631 795 2678 quae
807 2632 840 2665 ex
852 2625 959 2677 utraque
972 2621 1044 2679 parte
1058 2612 1224 2676 aperiuntur!

178 2683 248 2733 XLV
268 2682 412 2748 Appuleius
427 2683 458 2731 dc
474 2683 521 2732 deo
539 2682 610 2732 Socr.
628 2700 650 2732 c.
662 2686 678 2734 2
692 2701 717 2750 p.
734 2684 783 2735 121
795 2685 860 2735 Oud.
885 2690 1007 2748 ‘quorum
1026 2683 1052 2731 in
1065 2696 1170 2730 numero
1184 2690 1242 2730 sunt
1256 2682 1293 2730 illi

178 2752 314 2803 duodecim
346 2766 481 2802 numeroso
508 2754 558 2801 situ
586 2755 717 2803 nominum
747 2756 773 2804 in
799 2756 863 2806 duos
891 2768 981 2804 uersus
1011 2753 1042 2801 ab
1067 2750 1148 2800 Ennio
1174 2752 1292 2800 coartati:

178 2822 254 2872 quo'
277 2838 299 2870 e.
315 2837 378 2884 q.,s.
417 2821 557 2871 Martianus
572 2823 743 2889 Capellalp.
762 2826 793 2876 15
809 2824 838 2875 G.
859 2823 907 2892 (Sil
922 2819 967 2886 Κ.)
993 2824 1066 2871 ‘tunc
1088 2821 1164 2870 etiam
1182 2828 1210 2869 ut
1229 2822 1294 2869 inter

179 2893 244 2943 alios
258 2892 385 2956 potissimi
400 2901 550 2957 rogarentur
562 2894 645 2958 ipsius
660 2892 774 2959 collegae
789 2895 872 2955 Iouis,
893 2895 936 2957 qui
950 2893 990 2942 bis
1003 2891 1058 2941 seui
1071 2905 1128 2941 cum
1140 2890 1230 2941 eodem
1244 2891 1293 2940 To-

179 2970 254 3012 nante
269 2970 433 3010 numerantur
454 2978 568 3026 quosque
584 2963 711 3012 distichon
726 2965 902 3030 complectitur
916 2963 1070 3013 Ennianum:
1093 2961 1169 3010 quo'
1191 2977 1213 3010 e.
1229 2976 1254 3023 q.
1271 2977 1292 3009 s.

177 3033 225 3082 Hic
246 3032 351 3080 ascribit
366 3031 464 3081 Merula
533 3033 615 3082 XLVI
635 3032 741 3083 Seruius
758 3035 784 3082 in
798 3036 861 3084 Aen.
878 3034 913 3083 IV
929 3031 981 3084 676
1005 3034 1107 3081 ‘sancte
1127 3030 1232 3080 deorum
1254 3045 1294 3080 se-

178 3102 289 3152 cundum
299 3102 409 3152 Ennium
419 3102 499 3152 dixit:
515 3103 661 3169 respondit’
676 3120 698 3153 e.
714 3120 738 3166 q.
753 3118 774 3152 s.
802 3103 915 3154 Donatus
930 3103 962 3153 de
971 3101 1137 3151 barbarismis
1151 3116 1178 3167 p.
1190 3099 1292 3151 176912.

177 3173 225 3239 (at
245 3168 337 3231 LInd.)
359 3171 564 3237 (soloecismus)
596 3180 656 3238 ‘per
677 3175 880 3239 comparationes
904 3174 983 3223 sicut:
1008 3171 1152 3236 respoudit’
1180 3186 1201 3220 e.
1226 3187 1250 3233 q.
1271 3187 1292 3220 s.

178 3247 241 3309 ‘pro
255 3242 435 3291 sanctissima.’
474 3244 612 3309 Pompeius
626 3243 719 3292 Donati
735 3251 869 3294 comment.
887 3259 914 3310 p.
932 3241 984 3293 435
998 3242 1073 3291 Lind.
1098 3239 1293 3307 (soloecismus)

179 3316 240 3377 ‘per
254 3313 483 3376 comparationem:
509 3312 651 3378 respoudit'
673 3329 694 3363 e.
708 3330 732 3375 q.
744 3328 765 3362 s.
802 3313 924 3364 Claudius
944 3311 1069 3362 Sacerdos
1090 3310 1144 3374 lp.
1160 3309 1194 3360 28
1217 3310 1291 3358 Endl.

179 3378 375 3448 (soloecismus)
400 3385 460 3446 ‘per
474 3383 569 3447 gradus
586 3383 751 3440 conlationis,
776 3383 826 3433 boc
841 3391 879 3433 est
899 3381 1112 3448 comparationis,
1136 3387 1163 3428 ut
1181 3386 1219 3428 est
1235 3378 1293 3428 Sa-

178 3453 288 3500 turnia
310 3450 449 3516 pulchra
479 3451 609 3501 dearum
635 3467 680 3516 pro
702 3452 892 3518 pulcherrima!
928 3454 983 3503 IIuc
1009 3450 1104 3500 rettulit
1128 3448 1225 3498 Merula

179 3520 273 3570 XLVII
291 3522 373 3570 Varro
389 3520 420 3570 de
433 3521 462 3569 L.
479 3520 508 3569 L.
526 3520 604 3571 v116
620 3521 652 3570 M.
675 3523 773 3571 ‘dicam
787 3524 813 3573 in
828 3523 878 3574 hoc
893 3525 958 3574 libro
975 3523 1007 3572 de
1019 3519 1104 3570 uerbis
1119 3532 1184 3581 quae
1203 3521 1292 3583 apoti-

98 3604 102 3611 *
177 3592 210 3640 tis
227 3597 286 3640 sunt
297 3591 383 3655 posita
403 3616 437 3624 —
456 3590 579 3656 incipiam
593 3590 668 3639 hinc:
688 3593 767 3640 unus’
783 3609 805 3642 e.
823 3609 847 3656 q.
863 3611 884 3643 s.
913 3593 952 3643 CI.
970 3591 1077 3642 Ouidius
1091 3588 1150 3638 Met.
1165 3587 1226 3636 XIV
1241 3587 1292 3637 812

177 3665 219 3709 ‘tu
239 3659 302 3709 mihi
328 3658 437 3708 concilio
460 3661 588 3722 quondam
613 3669 748 3724 praesente
770 3662 874 3712 deorum
903 3663 987 3730 (Nam
1005 3673 1117 3709 memoro
1136 3654 1293 3720 memorique

177 3730 261 3780 animo
275 3730 320 3795 pia
334 3729 411 3778 uerba
425 3727 525 3791 notaui)
548 3732 637 3780 Vnus
657 3731 985 3793 eritquemtutolles
1008 3731 1038 3778 in
1060 3727 1191 3778 caerula
1206 3728 1292 3777 caeli

176 3800 285 3850 Dixisti:
305 3807 360 3848 rata
373 3800 406 3848 sit
422 3801 558 3850 uerborum
573 3815 673 3849 summa
692 3803 810 3851 tuorum’
840 3803 910 3853 Idem
923 3803 992 3851 Fast.
1009 3798 1098 3850 [1485
1119 3797 1213 3849 ‘redde
1227 3799 1293 3864 patri

177 3876 276 3921 natum:
305 3870 422 3932 quamuis
439 3870 568 3921 intercidit
583 3870 661 3931 alter,
680 3870 728 3919 Pro
750 3887 778 3920 se
793 3887 891 3938 proque
905 3872 984 3922 Remo
1002 3870 1045 3934 qui
1059 3868 1122 3919 mihi
1141 3875 1219 3918 restat
1237 3869 1292 3918 erit.

176 4080 230 4134 qua
245 4063 331 4117 ceteri
343 4061 414 4116 libri.
439 4063 546 4118 ecfatus
564 4063 609 4118 ubi
628 4060 756 4136 Scaliger
768 4063 844 4121 Ocni.
854 4081 887 4136 p.
903 4069 964 4123 128.
982 4063 1085 4118 effatus
1102 4063 1164 4118 ibus
1182 4062 1294 4134 Lipsius

175 4147 237 4203 Ant.
249 4146 324 4201 Lect.
341 4145 407 4204 114
512 4152 547 4205 63
566 4146 708 4218 Ceresque
725 4149 816 4221 Guels.
834 4148 850 4203 b
864 4150 1000 4220 Appulei,
1025 4149 1089 4204 libri
1098 4149 1224 4219 plerique
1240 4147 1292 4202 Ca-

170 4233 264 4304 pellae
369 4235 403 4288 64
421 4232 508 4299 Iouis]
525 4232 648 4303 Iuppiter
664 4231 784 4303 Heriem.
802 4234 924 4305 Appulei
937 4250 972 4288 m.
988 4235 1054 4301 alt,
1077 4234 1141 4306 aliq.
1159 4233 1223 4287 libri
1239 4231 1293 4287 Oa·

169 4318 264 4390 petae
367 4320 402 4377 66
417 4318 512 4373 cerula
526 4317 607 4375 Flcr.
624 4319 734 4375 coelula
747 4317 845 4378 Hauc.

116 4552 289 4688 A
