2834 4988
583 415 813 471 ΕΝΝΙΑΝΑΕ
1163 430 1253 478 anl

143 577 191 639 Ci.
215 578 312 638 Liuius
334 578 417 639 XXII
434 580 473 638 44
497 584 542 637 ille
565 578 703 656 (Paulus)
725 585 751 637 si
775 582 842 655 qnid
862 584 995 653 proiectis
1022 601 1056 639 ne
1075 589 1195 659 proditis
1216 592 1255 645 aa

142 693 326 747 inconsultam
344 696 426 761 atque
444 690 620 760 r'npronidam
636 704 761 759 papnom
783 688 930 758 leqionibas
952 689 1101 759 accideret,
1122 707 1153 747 se
1167 698 1254 750 omanis

143 798 247 867 cataroe
274 801 414 852 easartem
435 795 522 848 omnis
544 800 657 848 euentus
681 795 849 864 participem
874 793 939 864 fore
965 795 1077 850 diceret.
1120 793 1176 853 Vbi
1198 798 1253 855 iarn

144 899 174 957 iu
203 915 242 956 eo
276 906 321 956 est
357 904 388 954 ut
411 912 511 953 manus
548 903 723 970 conserant,
758 894 900 954 Hannibal
931 896 1100 956 cohortatur
1131 901 1252 961 milites:

143 1004 275 1081 praemla
309 1002 480 1080 promittens
513 1000 641 1076 Poenis,
679 1003 809 1060 externis
843 1001 988 1060 ciuitatem
1023 1001 1092 1081 (X).
1138 1004 1254 1084 Sequor

144 1109 221 1167 enlm
251 1108 280 1165 In
302 1125 338 1168 ea
360 1125 393 1166 re
409 1106 530 1165 eundem
542 1106 643 1165 Silium
659 1105 700 1166 IX
713 1104 789 1166 209:
812 1115 860 1182 qai
872 1127 940 1167 nero
956 1119 1071 1167 externo
1086 1117 1177 1170 sorites
1190 1120 1255 1174 mili

142 1220 279 1290 samaiae
299 1218 411 1289 Byrsae
439 1217 523 1288 Sinna
552 1233 658 1287 mones,
685 1220 813 1274 dextram
843 1217 965 1270 Aeconia
994 1219 1020 1272 si
1041 1223 1126 1276 enode
1153 1240 1249 1279 crecen-

144 1326 346 1392 temnibiles,
378 1324 442 1378 binc
468 1325 523 1376 iam
551 1325 620 1378 ciart
643 1324 817 1396 Corttapinie
842 1331 913 1390 esto,
943 1337 1006 1378 cum
1028 1320 1124 1382 Liuius
1152 1324 1254 1383 slmilia

122 1428 291 1506 promissa
313 1424 466 1503 perhibeat
481 1423 670 1484 Hannibalem
692 1443 755 1484 cum
779 1425 814 1485 ad
836 1425 966 1485 Ticinum
989 1445 1114 1505 pugnarn
1139 1440 1254 1507 pararet

145 1534 276 1594 edidisse
288 1530 374 1612 (XXI
390 1531 463 1609 45);
487 1535 631 1591 Hannibal
652 1576 706 1591 ...
725 1539 830 1592 nocetis
848 1538 888 1591 od
900 1540 1050 1593 contionem
1071 1544 1148 1591 certa
1165 1553 1253 1608 prae-

143 1647 200 1700 mia
218 1646 382 1716 pronuntiat
475 1644 523 1713 qni
545 1642 682 1696 somonam
702 1644 776 1696 aare
799 1644 1040 1716 Carthaginienses
1061 1644 1127 1713 fieri
1146 1645 1254 1712 atellani,

138 1755 304 1823 potestatem
324 1747 475 1819 saetarum.

231 1849 406 1927 Depingitur
436 1851 528 1928 ipsius
551 1848 716 1909 certaminis
741 1848 825 1908 labor
854 1848 921 1928 (XI.
942 1848 1005 1909 XII.
1027 1846 1122 1925 XIII).
1167 1846 1254 1906 Nolui

145 1959 221 2020 haec
250 1956 413 2031 fragmenta
443 1955 569 2030 diiungi:
601 1972 771 2033 quamquam
794 1958 856 2015 eius
885 1956 962 2015 modi
988 1972 1091 2014 uersus
1120 1957 1148 2012 in
1177 1954 1255 2013 nulia

145 2082 245 2144 pugna
269 2062 365 2121 locum
387 2058 497 2119 habere
522 2077 579 2119 non
604 2069 741 2138 possunt:
771 2070 801 2120 ut
824 2080 896 2120 unus
921 2061 969 2120 uel
994 2061 1068 2120 alter
1093 2077 1194 2120 eorum
1219 2058 1255 2118 ad

145 2171 259 2229 relicua
282 2185 358 2245 quae
379 2165 436 2225 hoc
459 2164 534 2224 libro
557 2167 745 2227 narrabantur
766 2167 880 2246 proelia
902 2169 1061 2247 pertiueat:
1090 2168 1158 2247 quiu
1179 2166 1255 2227 adeo

146 2276 257 2336 nullum
280 2274 408 2333 fortasse
431 2273 497 2331 huic
522 2273 598 2333 eladi
621 2277 880 2353 rectevascriptum
903 2275 948 2332 sit.
995 2274 1054 2333 Sed
1082 2274 1148 2334 uide
1178 2274 1254 2331 eius·

145 2382 213 2443 dem
234 2381 326 2441 cladis
349 2377 426 2454 apud
438 2378 539 2436 Sdium
551 2379 592 2438 IX
607 2380 665 2440 311
688 2401 753 2459 sqq.
784 2380 1018 2458 descriptionem.

232 2487 265 2547 ln
286 2484 382 2544 medio
407 2501 521 2560 pugnae
544 2486 661 2564 ardore,
690 2507 754 2548 cum
774 2488 829 2546 iam
852 2487 974 2546 uictoria
993 2486 1028 2546 ad
1050 2485 1167 2545 Poenos
1190 2504 1255 2545 uer·

146 2601 251 2671 geret,
271 2597 361 2669 poeta
389 2590 509 2649 deorum
532 2607 703 2653 consessum
731 2592 882 2672 expandit:
916 2592 986 2651 luno
1014 2595 1117 2653 satiata
1143 2594 1257 2653 tandem

146 2698 314 2759 calamitate
338 2698 495 2755 inuisorum
519 2699 576 2776 Ipsi
593 2696 787 2764 Romanorum
810 2720 843 2760 se
866 2700 1017 2759 fautricem
1042 2701 1085 2758 eis
1107 2701 1134 2757 in
1156 2709 1256 2778 poste·

146 2824 210 2866 rurn
234 2806 300 2864 iore
321 2805 490 2884 profitetur:
518 2821 553 2862 ae
582 2803 728 2882 Iuppiter,
765 2816 903 2867 exoratus
932 2807 1059 2865 fortasse
1090 2805 1255 2879 evenere,

148 2913 290 2992 promittit
303 2911 439 2971 Romanis
456 2910 600 2970 excidium
615 2909 798 2989 Carthaginis
812 2913 905 2990 (XIV.
923 2911 1003 2991 XV).
1028 2909 1073 2970 ct.
1091 2930 1119 2988 p.
1133 2908 1256 2969 XXXIII

148 3027 179 3078 et
200 3018 302 3080 Silium
323 3018 364 3078 IX
387 3017 448 3077 535
470 3034 536 3095 sqq.

235 3123 385 3184 Victoriae
413 3125 539 3182 nuntium
571 3123 659 3200 Mago
692 3121 896 3199 Carthaginem
925 3123 1035 3199 adfert,
1070 3140 1128 3201 quo
1159 3122 1256 3180 laetis-

149 3231 221 3289 sIma
247 3246 382 3308 quaeque
416 3232 545 3292 incuria
569 3230 606 3289 de
630 3227 795 3287 Hannibalis
821 3230 951 3287 uictoriis
978 3229 1179 3307 pronuntiante
1201 3227 1255 3304 (cf.

147 3334 246 3397 Liuius
280 3335 377 3397 XXIII
405 3337 459 3417 12)
492 3339 593 3398 Hanno
623 3336 794 3394 sententiam
822 3343 941 3411 rogatus
979 3353 1037 3394 non
1070 3336 1184 3396 desisse
1217 3334 1257 3393 ait

149 3444 304 3520 paenitere
323 3461 356 3503 sc
378 3442 466 3520 belli,
490 3444 568 3522 quod
591 3442 707 3522 quidem
728 3450 785 3500 tarn
803 3443 945 3519 integrum
966 3441 1091 3501 habeant
1113 3459 1198 3520 quam
1220 3458 1256 3499 eo

149 3548 198 3607 die
222 3564 279 3625 quo
297 3547 438 3610 Hannibal
458 3551 486 3608 in
503 3550 614 3610 ltaliam
630 3557 830 3624 transgressus
847 3551 883 3608 sit
906 3548 1019 3625 (Liuius
1041 3547 1095 3607 1.1.
1119 3546 1166 3605 12.
1190 3547 1255 3625 13).

150 3652 264 3726 Quodsi
285 3652 394 3714 Ennius
417 3672 535 3733 quoque
557 3656 682 3735 aliquem
704 3656 872 3714 Hannonem
901 3656 928 3712 in
951 3671 1021 3713 suos
1043 3653 1162 3713 annales
1185 3654 1256 3711 iutu-

149 3759 236 3835 lerat,
249 3760 277 3817 in
290 3760 352 3819 eius
361 3769 488 3821 mentem
499 3762 632 3821 uIdentur
643 3761 849 3840 percommode
862 3761 1005 3838 quadrare
1017 3760 1106 3831 haee:
1119 3765 1258 3834 qrer'rttactt

149 3886 206 3925 non
228 3875 270 3925 est
291 3874 379 3926 uictor
395 3874 450 3927 nesi
468 3875 556 3927 nictus
576 3873 683 3942 fatetur
701 3869 773 3945 (inc.
796 3865 857 3925 sed.
875 3864 985 3924 XXXV
1003 3866 1056 3924 sed
1076 3866 1114 3924 ci.
1131 3883 1160 3943 p.
1176 3862 1255 3940 LIII)

151 3979 181 4029 et
192 3976 258 4031 dam
271 3977 378 4047 quidem
389 3993 461 4032 nares
473 3978 551 4033 borno
563 3978 773 4049 Romanastoqa
786 3979 939 4048 superescit
951 3972 1023 4049 (iac.
1039 3969 1091 4029 sed
1106 3968 1256 4046 XXXVI).

238 4076 321 4150 Quae
345 4079 457 4139 cladem
468 4077 649 4138 Cannensem
662 4080 795 4157 proxime
816 4086 917 4137 secuta
934 4087 1009 4153 sunt,
1030 4095 1065 4135 ea
1077 4076 1184 4135 Ennius
1201 4091 1258 4132 non

150 4183 276 4243 seorsim
299 4182 413 4244 aLiqu
437 4185 551 4244 uidetur
573 4203 718 4245 narrasse.
752 4183 835 4243 XXll
850 4184 910 4243 50:
944 4189 1012 4242 binis
1029 4190 1056 4241 tn
1077 4187 1176 4240 cetenis
1196 4200 1257 4238 eam

151 4297 291 4351 multitado
317 4297 468 4350 semiermis
493 4297 553 4350 eine
577 4296 690 4350 damires
717 4301 802 4364 esset,
830 4297 953 4349 terentium
980 4295 1028 4363 qai
1052 4294 1081 4345 in
1110 4289 1258 4343 rnaioribne
