2834 4988
620 403 851 461 nnnnurvm

649 570 795 641 XXXIV
809 570 826 606 *

283 705 400 775 Excita
417 727 491 775 cum
510 705 659 776 tremulis
675 729 759 777 anus
775 707 883 777 attulit
899 704 1036 776 artubus
1053 707 1174 791 lumen,

228 847 231 852 ·
284 809 378 878 Talia
400 815 635 880 commemorat
656 810 848 897 lacrimans,
876 809 1032 880 exterrita
1048 832 1182 882 sumno:

285 912 462 983 ‘Eurudica
483 918 664 1006 prognata,
694 914 791 1006 pater
805 932 904 1009 quum
922 917 1038 983 noster
1057 917 1188 1001 amauit,

285 1017 384 1086 Vires
405 1016 540 1110 uitaque
561 1040 684 1109 corpus
701 1036 812 1089 meum
828 1038 916 1089 nunc
938 1016 1061 1087 deserit
1083 1040 1189 1090 omne.

216 1128 256 1190 40
287 1122 368 1190 Nam
385 1142 437 1190 me
456 1120 550 1190 uisus
567 1120 668 1191 homo
687 1120 825 1214 pulcher
842 1144 902 1214 per
919 1142 1060 1190 amoena
1078 1122 1192 1194 salicta

283 1224 325 1294 Et
345 1224 435 1315 ripas
457 1228 588 1315 raptare
607 1226 766 1318 locosque
787 1246 913 1295 nouus:
944 1223 989 1293 ita
1006 1224 1080 1294 sola

285 1327 441 1411 Postilla,
469 1349 630 1420 germana
652 1350 765 1413 soror,
793 1350 904 1398 errare
929 1327 1064 1397 uidebar

285 1431 461 1523 Tardaque
479 1432 650 1524 uestigare
668 1436 702 1501 et
719 1453 878 1525 quaerere
896 1435 929 1500 te
947 1453 1055 1523 neque
1075 1454 1178 1524 posse

284 1534 392 1606 Corde
409 1522 601 1627 capeb'sere:
633 1534 751 1605 semita
769 1535 861 1605 nulla
882 1535 1000 1627 pedem
1022 1534 1197 1606 stabilibat.

215 1647 256 1708 45
284 1638 369 1708 Exin
390 1634 589 1731 comente
611 1642 706 1731 pater
727 1660 781 1708 me
802 1660 887 1709 uoce
905 1637 1051 1734 uidetur
1176 1624 1181 1639 ’

284 1742 344 1812 His
361 1740 489 1812 uerbisr
516 1736 568 1813 “o
591 1745 712 1836 gnata,
738 1742 796 1811 tibi
814 1746 892 1812 sunt
909 1740 1157 1812 anteferendae

284 1847 488 1931 Aerumnae,
517 1850 594 1938 pust
614 1869 659 1916 ex
679 1846 783 1916 lluuio
806 1847 940 1917 fortuna
958 1843 1125 1935 resistet.’'

284 1949 376 2019 Haec
399 1950 527 2019 ecfatus
547 1954 657 2041 pater,
685 1971 861 2042 germana,
889 1950 1024 2041 repente
1041 1947 1179 2018 recessit

278 2030 350 2122 llec
368 2075 444 2122 sese
462 2054 550 2123 dedit
568 2053 601 2122 in
617 2057 830 2145 conspectum
852 2052 952 2123 corde
975 2052 1116 2144 cupitus,

214 2165 255 2225 50
284 2156 490 2249 Quamquam
513 2156 616 2246 multa
636 2179 755 2230 manus
775 2157 817 2226 ad
837 2155 918 2226 caeli
939 2155 1072 2226 caerula
1090 2154 1211 2244 templa

283 2259 472 2337 Tendebam
494 2262 678 2331 lacrumans
697 2263 730 2330 et
746 2260 867 2331 blanda
889 2281 973 2329 uoce
994 2258 1165 2329 uocabam.

280 2363 349 2433 Vix
366 2385 471 2455 aegro
492 2388 567 2434 cum
585 2364 685 2435 corde
704 2387 779 2434 meo
801 2386 854 2434 me
875 2385 1013 2435 sumnus
1035 2360 1186 2455 reliquit’

641 2517 774 2589 XXXV
787 2516 828 2557 **

281 2649 421 2724 Ouidius
444 2653 541 2723 Trist.
566 2654 673 2727 [1259
706 2655 903 2749 ‘sumpserit
928 2654 1083 2742 annales;
1119 2654 1213 2746 (nihil
1240 2660 1291 2725 est

177 2755 337 2827 hirsutius
358 2757 461 2845 illis3)
488 2757 588 2828 Facta
611 2760 654 2830 sit
676 2763 767 2833 unde
786 2782 909 2856 parens
930 2759 989 2829 llia
1009 2780 1128 2850 nempe
1150 2760 1260 2852 leget’

177 2958 326 3009 annalibus:
345 2960 421 3022 quus’
441 2976 464 3010 e.
480 2976 505 3023 q.
520 2976 541 3009 s.
592 3005 596 3013 .
614 2962 725 3013 XXXIV
745 2963 833 3015 Cicero
850 2963 883 3013 de
898 2961 952 3011 diu.
972 2961 1040 3020 120,
1056 2961 1091 3012 40
1114 2963 1196 3010 ‘nunc
1214 2968 1239 3012 te
1257 2963 1290 3011 ad

177 3028 279 3081 tubulas
291 3045 384 3080 reuoca
397 3029 439 3080 uel
455 3037 598 3080 nostrorum
612 3033 653 3084 uel
664 3033 818 3085 Graecorum
833 3036 975 3100 poctarum.
1004 3030 1095 3082 Narrat
1104 3031 1174 3083 enim
1186 3039 1211 3082 et
1220 3033 1291 3097 apud

216 3287 252 3342 ab
279 3242 361 3337 elcita
384 3281 463 3339 Vinci.
530 3285 665 3340 tremulus
681 3284 745 3340 Erl.
812 3285 911 3353 attulit]
928 3290 986 3340 altu
1007 3282 1088 3339 Viud.
1174 3286 1210 3341 3⁷
1233 3289 1289 3338 tum

176 3373 311 3422 memorat
338 3367 418 3423 Vind.
531 3374 567 3428 38
598 3370 715 3426 erudica
735 3369 798 3426 Erl.
823 3370 961 3443 eurydica
993 3368 1074 3425 Vind.
1182 3371 1217 3426 39
1249 3369 1289 3422 ui-

175 3455 284 3558 tuebque
307 3484 386 3538 Vua.
493 3491 529 3545 40
548 3504 648 3544 amena
662 3489 725 3545 Erl.
829 3493 864 3548 46
886 3489 942 3559 hijs
957 3487 1018 3543 Ert.
1094 3491 1213 3559 agnata
1227 3485 1291 3542 libri

176 3568 240 3640 utiq.
260 3566 368 3636 Orellii,
393 3567 551 3636 Manatum,
573 3572 731 3628 Lambr'rrus.
755 3580 876 3645 cognata
903 3573 983 3629 de.
1070 3578 1135 3626 aunt
1156 3578 1219 3626 ante
1241 3572 1288 3626 tibi

175 3658 296 3725 cognata
306 3651 368 3707 Eri.
457 3656 592 3710 ferundae
604 3657 744 3726 Daumius
760 3658 938 3715 Foertrclriue
953 3656 1063 3726 Quaen
1082 3654 1153 3714 Tull.
1164 3661 1242 3728 part.
1256 3653 1293 3710 ΙΙ

174 3736 290 3806 (uum.
306 3740 388 3805 1846)
399 3757 432 3810 p·
443 3746 485 3798 15.
503 3742 646 3812 gerendae
667 3742 747 3798 Vina
763 3743 890 3815 gerenda
904 3743 966 3798 Ert.
1071 3745 1116 3802 4⁷.
1132 3745 1167 3801 48
1177 3744 1289 3796 maereo

173 3822 271 3878 urdirw
292 3823 419 3894 lcpunrur
444 3826 473 3880 in
498 3826 579 3884 Vind.
602 3828 681 3898 ura,
709 3830 882 3901 transposuit
907 3844 922 3884 e
951 3828 1029 3884 codd.
1052 3827 1184 3884 uacuus

173 3928 208 3986 47
227 3944 342 3983 erumne
358 3931 421 3985 Ert.
509 3933 631 4002 resistet]
647 3936 766 3990 recessit
779 3935 840 3992 Erl.
926 3939 962 3994 48
976 3935 1030 3990 hec
1048 3933 1111 3990 Erl.
1197 3908 1288 3988 erbeus

173 4018 253 4084 pater
280 4013 360 4070 Vind.
375 4022 454 4087 pater
475 4016 577 4074 effatus
597 4018 658 4077 Ert.
744 4026 779 4080 50
796 4037 893 4076 manas
909 4019 972 4074 Erl.
1080 4027 1113 4079 51
1129 4020 1288 4075 lacrumans

180 4096 259 4154 Vind.
278 4101 426 4157 lacrimans
442 4103 503 4159 Erl.
591 4103 693 4159 blande
708 4103 770 4160 urz.
879 4111 913 4164 52
929 4121 992 4159 cum
1015 4104 1093 4160 Vind.
1111 4111 1168 4160 tum
1184 4104 1245 4158 mr.

174 4189 420 4374 pomrl'agirpgbtp
431 4236 467 4274 m.
487 4223 534 4278 alt.
553 4224 787 4295 superscriptum)
804 4238 892 4278 sunus
908 4222 969 4277 urz.
1056 4193 1186 4295 relinquit
1208 4223 1287 4279 Vind.

191 4319 255 4361 sm.
310 4340 317 4356 ·
390 4344 397 4360 .
