2834 4988
564 429 805 504 santonum

141 713 202 776 390
231 703 441 774 Obcumbunt
459 704 551 774 multi
572 601 850 798 letumsslerroque
870 705 1003 799 lapique
1085 756 1087 761 .

231 809 301 879 Aut
317 809 403 878 intra
422 829 535 878 muros
553 813 611 878 aut
628 814 724 879 extra
743 810 897 901 praecipe
919 831 1010 879 casu.

662 945 704 1017 lll

229 1066 415 1136 Macrobius
438 1065 506 1136 Sat.
530 1065 578 1135 Vl
597 1074 617 1135 2
641 1088 672 1157 p.
690 1074 751 1136 514
769 1065 840 1135 Jan.
871 1066 964 1135 ‘itera
981 1065 1021 1133 de
1039 1052 1191 1134 Pandaro
1209 1068 1242 1133 et

130 1168 214 1239 Bitia
233 1171 455 1261 aperientibus
475 1175 588 1262 portas
609 1168 957 1261 [Vergaenuxom]
978 1169 1071 1238 locus
1085 1171 1241 1259 acceptus

129 1276 180 1342 est
203 1295 244 1342 ex
270 1274 354 1343 libro
380 1275 494 1367 quinto
516 1274 643 1345 decimo
661 1273 757 1343 Ennii
779 1273 835 1367 qui
861 1273 984 1343 inducit
1000 1272 1133 1342 Histros
1155 1271 1241 1341 duos

128 1377 160 1445 in
188 1377 360 1449 obsidione
383 1378 534 1469 erupisse
555 1381 707 1469 portast
728 1379 876 1470 stragem
896 1377 937 1446 de
961 1374 1132 1446 obsidente
1146 1374 1242 1444 hoste

128 1481 268 1550 iecisse!

645 1581 694 1652 lV
708 1580 724 1618 *

233 1739 488 1755 .....
542 1684 698 1757 succincti
719 1686 821 1756 corda
838 1686 1020 1757 machaeris
1231 1720 1262 1761 a·

557 1819 574 1858 ‘t‘
799 1821 815 1857 t

677 1879 693 1917 tlt

231 2065 340 2133 Arcus
361 2065 415 2135 ubi
437 2065 611 2157 aspicitur,
640 1959 833 2136 mhnatibus
856 2083 941 2157 quae
966 2058 1164 2150 perhibetur.

479 2490 487 2507 ,
553 2371 712 2454 blBEll
743 2371 816 2453 llll

676 2581 689 2652 l

232 2696 358 2765 Plinius
376 2698 446 2766 Nat.
467 2697 550 2767 Hist.
571 2698 632 2767 Vll
655 2708 710 2768 101
742 2699 917 2769 ‘fortitudo
943 2698 975 2766 in
997 2719 1064 2790 quo
1087 2716 1239 2764 maxume

128 2798 271 2868 extiterit
296 2800 475 2870 inmensae*
489 2803 693 2895 quaestionis
719 2807 786 2888 est,
813 2801 977 2896 utiquesi
1000 2799 1129 2892 poetica
1152 2798 1240 2868 reci-

129 2900 237 2992 piatur
262 2903 467 2974 fabulositas,
517 2905 554 2989 Ο.
583 2905 709 2975 Ennius
738 2907 773 2977 L.
798 2903 1024 2978 Caecilium
1048 2902 1239 2971 Dentrem

127 3003 180 3093 lb.
201 3005 350 3085 Hochius
377 3008 420 3100 de
440 3008 523 3077 Enn.
545 3031 620 3079 ann.
648 3011 767 3102 fragm:
791 3011 865 3080 aP.
892 3010 970 3079 ltler.
999 3006 1104 3075 auctis
1133 3027 1165 3095 p,
1187 3013 1238 3075 47.

129 3206 173 3256 lib.
191 3207 240 3258 XV
255 3210 307 3258 ...⁸
380 3210 403 3258 ll
425 3210 571 3261 Priscianus
582 3212 618 3262 Vl
637 3227 664 3277 p.
677 3213 728 3262 725
740 3212 768 3262 Ρ.
789 3211 878 3277 (1287
894 3207 940 3274 tt.)
964 3208 1144 3258 ‘uetustissimi
1163 3207 1238 3258 etis·

129 3278 300 3345 praecipis
317 3280 464 3344 gauslinum
483 3281 554 3343 qnia
572 3281 728 3332 nominatiuo
747 3297 871 3348 praeceps
886 3287 925 3330 est
936 3278 1076 3328 secuudum
1094 3276 1238 3343 analogiam

128 3348 278 3397 nominatiui
296 3349 454 3415 protulerunt
469 3385 521 3408 .‚..
539 3352 636 3401 Ennius
653 3351 679 3401 in
693 3352 741 3401 XV
754 3352 852 3402 annali:
872 3348 944 3415 [390.
958 3337 1029 3413 91].’
1048 3347 1141 3412 (toturn
1156 3347 1239 3397 locum

128 3430 178 3466 om.
194 3415 274 3485 Sang.
288 3415 388 3484 bugd.)
412 3419 482 3469 idem
496 3420 531 3468 Vl
545 3420 662 3487 pstesr.
679 3418 857 3487 (ipsust.)
872 3418 1053 3469 ‘uetustissimi
1064 3425 1149 3467 tamen
1163 3417 1239 3467 etiam

128 3485 224 3536 huius
242 3486 330 3554 lapis
347 3490 514 3553 protulerunt.
542 3492 639 3542 Ennius
655 3493 681 3540 in
696 3491 744 3542 XV
758 3491 857 3541 annali:
877 3486 975 3556 [390].·
1047 3489 1080 3537 lV
1095 3487 1200 3538 Seruius
1213 3486 1239 3536 itt

130 3557 192 3605 heu.
209 3557 244 3605 IX
258 3556 311 3608 678
327 3561 431 3609 ‘armati
445 3560 526 3609 ferro:
546 3570 589 3610 aut
603 3561 667 3611 bena
680 3563 796 3612 instructi
809 3560 888 3610 armis
900 3568 951 3618 aut,
966 3566 994 3609 ut
1006 3560 1089 3624 Asper
1101 3558 1172 3616 dicit,
1189 3556 1240 3608 ler-

129 3641 172 3674 res
185 3626 264 3676 corda
276 3626 399 3678 habentes
413 3630 431 3678 i.
445 3646 467 3679 e.
483 3630 547 3680 dura
559 3639 583 3680 et
595 3640 699 3681 cnteuta
710 3633 860 3699 cogitantes,
876 3641 903 3678 ut
913 3630 1022 3678 Ennium
1036 3629 1070 3678 sit
1082 3635 1184 3678 secutus
1196 3628 1238 3690 qui

128 3696 175 3744 ait:
196 3697 331 3747 strccincti'
354 3714 376 3747 a.
395 3714 420 3762 q.
439 3714 460 3747 s.
491 3700 545 3749 Huc
566 3701 661 3750 rettulit
678 3701 775 3752 Merula
843 3702 867 3749 V
890 3699 1036 3750 Priscianus
1053 3698 1088 3746 Vl
1104 3714 1130 3764 p.
1144 3698 1195 3748 712
1210 3696 1238 3746 P.

128 3764 153 3829 (l
169 3779 196 3830 p.
210 3765 263 3816 269
277 3763 323 3829 Κ.)
337 3766 468 3832 (arcus)
485 3771 628 3820 ‘inuenitur
639 3779 723 3821 tamen
740 3770 810 3837 apud
822 3779 923 3821 ueteres
942 3769 1017 3818 etiam
1031 3767 1148 3818 lemiuini
1162 3781 1240 3835 gene-

128 3835 180 3892 ris,x
198 3836 338 3885 seeundum
352 3837 421 3899 quod
432 3839 496 3889 bene
510 3848 614 3902 quartae
627 3849 665 3891 est
679 3840 867 3891 declinationis.
893 3840 990 3889 Ennius
1002 3839 1028 3887 iu
1037 3837 1085 3888 XV
1098 3837 1183 3887 anuali
1192 3873 1198 3885 .
1207 3873 1213 3885 .
1223 3838 1239 3886 .'

169 4013 222 4070 390
244 4013 414 4067 obcumbuut
428 4012 517 4068 Bera.
532 4013 674 4071 Hulberst.
684 4034 718 4089 p.
730 4019 789 4074 725.
805 4016 975 4071 occumbunt
989 4014 1075 4068 cctcrt’
1157 4015 1241 4068 letum

128 4095 216 4150 Rern.
226 4113 260 4168 p.
274 4098 336 4155 708.
352 4098 455 4153 loetum
467 4097 537 4172 ch.
548 4098 637 4156 Bern.
648 4099 789 4157 Holberat.
800 4119 834 4173 p.
847 4104 899 4160 775
916 4099 985 4172 step.
1003 4115 1035 4170 p.
1053 4100 1113 4157 708.
1128 4099 1240 4156 ibidem:

129 4181 231 4235 laetum
244 4180 329 4254 Scap.
346 4184 476 4254 laetumq.
490 4187 524 4255 (q
534 4184 813 4251 crosumJHotbcrst.
830 4186 904 4240 laeto
919 4184 1008 4256 Lupa.
1111 4186 1163 4241 391
1178 4200 1241 4256 pre·-

129 4265 192 4335 cipe
219 4265 289 4338 Rep.
309 4283 343 4338 p·
362 4271 414 4326 775
519 4272 575 4327 393
597 4269 752 4341 adspicitur
773 4270 914 4327 Columna.
937 4268 1076 4343 aspiciunt
1094 4269 1158 4328 aba
1184 4296 1187 4301 ⁴

128 4348 289 4424 perhibetur
302 4350 442 4408 Hahcrs't.
459 4352 640 4427 perhibentur
654 4357 739 4412 cetero¹
