2834 4988
581 393 808 449 ENNIANAE
1209 404 1254 449 LV

144 554 227 628 (inc.
257 553 321 612 sed.
345 550 430 632 XLI)
454 554 664 633 praedicaret'.
709 554 925 615 Freinshemius
950 556 1100 634 Suppiem.
1123 557 1194 616 Liuii
1215 556 1256 618 ill

143 655 200 717 28:
225 658 264 719 ci.
286 657 337 719 45.

601 826 727 888 GAPVT
749 828 789 888 lv

230 995 300 1054 Res
320 995 474 1055 Punicas
492 997 601 1056 Ennius
618 998 710 1056 tribus
726 997 825 1074 libris,
847 1000 961 1057 nisime
978 998 1051 1057 ialiit
1068 1001 1184 1077 opinio,
1203 1002 1253 1062 ab·

144 1101 251 1177 soluit,
282 1119 403 1179 quorum
432 1122 517 1162 unum
542 1105 571 1162 in
592 1106 702 1182 primo,
733 1105 805 1165 duos
830 1114 963 1164 octauum
984 1113 1013 1164 et
1032 1122 1138 1165 nonum
1157 1108 1184 1165 in
1207 1126 1253 1167 se·

143 1209 239 1267 cundo
272 1207 353 1267 bello
385 1210 525 1288 inpendit.
569 1210 673 1290 Neque
703 1213 778 1270 enim
809 1213 929 1289 primum
960 1211 1068 1271 beilum
1101 1213 1253 1289 praeteriit

143 1314 277 1390 omnino,
314 1323 346 1373 ut
375 1333 431 1375 non
460 1318 553 1394 potuit
581 1327 648 1395 apte
675 1325 731 1375 tam
764 1319 888 1396 amplam
920 1326 1075 1395 tantaeque
1103 1319 1254 1394 grauitatis

143 1421 292 1480 materiam
317 1422 481 1497 praeterire
502 1424 675 1501 praesertim
697 1425 725 1481 in
750 1426 876 1483 carmine
901 1432 1062 1503 perpetuo,
1094 1423 1180 1500 quale
1205 1443 1253 1484 an-

143 1527 226 1588 nales
252 1527 343 1586 fuisse
372 1527 421 1586 uei
450 1545 554 1588 nomen
582 1529 688 1588 indicio
718 1538 774 1588 est.
820 1529 914 1588 Potuit
942 1531 970 1587 in
993 1530 1050 1590 hoo
1072 1529 1152 1589 bello
1175 1548 1253 1589 coru·

143 1631 314 1711 pendiosius
343 1635 473 1709 uersari,
513 1645 544 1694 ut
572 1644 738 1713 exponeret
765 1654 814 1693 res
841 1636 1012 1711 grauiores,
1049 1636 1178 1696 leuiores
1206 1647 1254 1696 aut
1324 1638 1326 1642 ’

144 1739 293 1799 omitteret
316 1745 364 1798 aut
382 1748 518 1819 quantum
537 1743 624 1802 nexui
643 1760 739 1800 rerum
762 1740 910 1801 seruiebat
929 1745 1157 1821 perstringeret:
1182 1761 1253 1823 quo·

143 1846 219 1905 niam
247 1846 276 1903 in
303 1862 340 1903 eo
368 1857 538 1922 argumento
571 1865 628 1906 non
659 1849 697 1906 ita
729 1847 817 1906 multo
845 1857 912 1907 ante
941 1851 1096 1926 operosius
1126 1848 1254 1909 Naeuius

144 1951 322 2014 elaborarat.
358 1950 430 2010 Nam
449 1949 624 2012 Ciceronem
646 1971 703 2013 non
725 1961 796 2031 puto
819 1962 924 2011 tantum
946 1974 979 2014 re
998 1965 1148 2032 praestare
1165 1975 1253 2035 quan·

143 2067 202 2117 tum
223 2056 317 2116 uerbo
341 2057 427 2133 dicit,
455 2078 518 2118 cunr
539 2058 661 2117 Ennium
683 2058 785 2118 Naeuii
808 2077 895 2118 causa
915 2059 1028 2118 ‘omnia
1050 2059 1128 2120 bella
1150 2079 1253 2138 perse·

143 2173 282 2242 quentem
316 2165 437 2242 primum
469 2165 540 2224 iilud
573 2166 709 2224 Punicum
739 2165 908 2224 acerrimum
942 2163 1051 2223 beilum
1078 2166 1251 2245 reliquisse'

142 2279 286 2331 memorat
309 2270 386 2330 Bruti
412 2270 466 2346 19,
490 2272 540 2332 76.
585 2269 673 2330 Cuius
693 2270 793 2331 uerbis
814 2272 863 2350 qui
885 2271 1094 2348 obtemperarit
1116 2281 1253 2331 accurate

143 2378 288 2437 neminem
303 2376 371 2435 noui
389 2384 509 2452 praeter
519 2375 707 2437 Niebuhrium
721 2379 749 2436 in
764 2378 874 2437 sobolis
890 2377 1064 2436 academicis
1081 2377 1118 2435 de
1133 2375 1254 2437 historia

143 2484 275 2544 Romana
290 2483 304 2542 1
323 2482 374 2559 24,
391 2490 420 2541 et
432 2481 630 2561 obtemperari
648 2486 691 2543 eis
710 2492 809 2544 uetant
828 2483 902 2543 adeo
919 2483 1060 2560 quaedam
1075 2499 1150 2559 quae
1166 2481 1253 2542 hodie

144 2609 236 2669 super
258 2597 323 2649 sunt
344 2589 515 2665 fragmenta.
554 2587 620 2648 Nou
642 2590 708 2651 dioo
731 2609 797 2650 eum
818 2607 933 2649 uersum
961 2605 1019 2666 quo
1047 2589 1109 2647 sine
1132 2587 1197 2647 iibri
1219 2606 1254 2647 ac

144 2704 254 2776 poetae
270 2696 377 2755 indicio
395 2693 501 2754 Cicero
520 2693 556 2753 de
572 2696 629 2755 inu.
645 2695 658 2755 l
675 2697 729 2771 19,
746 2697 785 2757 27
809 2671 911 2756 utituf:
934 2698 1042 2768 Appias
1059 2698 1161 2752 indixit
1174 2696 1251 2751 Kar-

143 2805 358 2881 tbapinicnoibus
371 2805 469 2860 ballum
487 2798 582 2877 (lv),
604 2803 785 2881 quiquidem
802 2805 825 2862 si
844 2800 928 2860 Ennii
948 2807 1064 2858 estnon
1083 2809 1182 2877 potest
1197 2817 1254 2859 non

144 2910 181 2969 ad
195 2904 318 2987 primum
339 2904 448 2964 bollum
468 2905 604 2965 Punicum
626 2910 784 2985 pertinere.
806 2905 850 2967 Cf.
870 2907 997 2967 Zonaras
1014 2903 1082 2962 Vlll
1102 2905 1120 2964 8
1147 2924 1176 2982 p.
1194 2904 1254 2965 132

145 3015 193 3076 ed.
219 3015 310 3074 Bonn.
334 3011 473 3087 Polybius
504 3011 518 3070 Ι
547 3011 586 3070 12
616 3022 646 3071 et
674 3014 846 3092 praesertim
868 3011 963 3071 Liuius
992 3008 1089 3069 XXXI
1120 3013 1144 3073 1.
1189 3011 1253 3072 Nec

144 3121 227 3181 nimis
250 3118 444 3178 obdurescam
470 3124 518 3176 aut
544 3117 573 3174 in
591 3117 628 3180 fr.
651 3118 708 3196 Vl⁷
733 3119 811 3198 quod
834 3119 888 3176 etsi
911 3135 948 3175 ex
971 3123 1076 3173 octauo
1099 3115 1183 3176 Ennii
1203 3117 1252 3178 ad-

144 3229 239 3287 fertur
264 3243 281 3285 a
303 3223 398 3283 Nouio
426 3242 454 3302 p.
483 3223 558 3298 151,
586 3221 645 3299 25,
677 3226 744 3284 mihi
774 3223 889 3284 uixdum
920 3219 1034 3280 dubium
1065 3230 1109 3279 est
1138 3221 1207 3299 quin
1237 3241 1253 3283 a

145 3334 256 3394 Merula
280 3339 362 3390 recte
384 3329 412 3387 in
435 3328 510 3388 bunc
538 3328 642 3387 librum
672 3328 839 3387 translatum
861 3328 912 3385 sit:
943 3334 990 3385 aut
1012 3327 1039 3383 in
1060 3326 1096 3390 ir.
1119 3326 1145 3384 V
1167 3327 1253 3404 Hugii

146 3437 307 3511 beneficio,
330 3452 395 3494 cum
412 3453 428 3494 a
445 3433 597 3494 Macrobio
621 3433 681 3492 Sat.
697 3432 737 3491 Vl
757 3433 770 3490 1
793 3451 822 3511 p.
840 3432 901 3494 599
918 3432 981 3492 dan.
1000 3441 1116 3493 esexto
1138 3435 1252 3509 citetur,

146 3542 211 3602 huic
239 3542 334 3601 annaii
362 3543 506 3601 restituto.
552 3538 637 3611 Quod
662 3539 713 3598 ilie
736 3537 850 3598 firmare
873 3539 966 3616 potuit
988 3537 1037 3597 uel
1059 3537 1117 3597 boo
1139 3538 1253 3614 Polybii

147 3646 249 3707 iocol
281 3647 337 3724 19,
358 3646 392 3706 2:
418 3634 578 3725 ἆναλαβών
605 3645 796 3722 (Hannonem
826 3645 917 3722 dicit)
946 3637 983 3703 τά
1009 3665 1039 3702 τε
1064 3642 1159 3723 θηρία
1187 3643 1254 3724 περί

146 3744 327 3831 πεντήκοντα
357 3744 410 3813 τὸν
438 3741 569 3832 αριθμὸν
593 3742 663 3810 ὄντα
691 3747 740 3809 καί
768 3742 823 3827 τὴν
849 3740 956 3826 λοιπὴν
986 3741 1113 3825 δύναμιν
1135 3741 1254 3809 ἅπασαν

147 3860 255 3939 προῆγε
279 3849 357 3918 κατὰ
381 3859 517 3936 σπουδὴν
546 3855 579 3917 ἐκ
602 3859 654 3933 τῆς
673 3847 862 3935 Ἡρακλείας·
891 3853 1148 3935 παραγγείλας
1174 3860 1255 3926 τοῖς

148 3963 390 4042 Νομαδικοῖς
410 3964 568 4024 ἱππεῦσι
595 3953 907 4041 προπορεύεσθαι
932 3958 1192 4038 καῖσονεγγίσασι
1212 3962 1257 4043 κρῖ

149 4061 253 4149 χάρακι
274 4071 335 4128 τοῖν
362 4065 503 4128 ἐναντίων
526 4064 667 4147 ἐρεθίζειν
688 4063 739 4125 καί
762 4068 924 4146 πειρᾶσθαι
947 4057 1016 4136 τοὺς
1037 4063 1134 4136 ἱππεῖς
1156 4056 1254 4125 αὐτῶν

150 4169 355 4234 ἐκκαλεῖσθαι·
384 4167 508 4235 κᾶπειτα
527 4166 618 4231 πάλιν
640 4169 809 4233 ἐκκλίνασιν
830 4165 1009 4251 ἀποχωρεῖν,
1038 4166 1091 4241 ἕως
1112 4160 1151 4230 dv
1173 4159 1256 4246 αὐτῷ

151 4279 319 4358 συμμίξασα
356 4277 422 4352 Quo
442 4280 521 4338 nisus
540 4296 598 4354 ego
621 4278 657 4337 ad
679 4278 786 4337 initium
805 4278 876 4338 belli
899 4277 996 4337 rettuli
1014 4294 1145 4352 uersum,
1169 4292 1253 4352 quem
