2834 4988
622 393 856 449 ANNALIVM

289 562 457 657 Conspicit
477 562 552 632 inde
574 562 635 631 sibi
659 562 737 631 data
757 560 920 632 Romulus
943 585 1019 632 esse
1041 562 1162 653 priora,

289 669 449 762 Auspicio
472 666 569 760 regui
590 665 733 736 stabilita
754 686 889 736 scamna
910 666 1094 759 solumque.

689 818 795 892 LVIII

203 952 262 1013 100
291 943 357 1012 Nec
376 941 432 1032 pol
451 940 551 1011 homo
572 900 747 1036 quisquam
764 940 863 1012 saciet
883 940 1006 1030 inpune
1026 938 1189 1010 animatus

290 1047 362 1116 Hoc
380 1045 443 1115 nisi
460 1050 511 1114 tu:
540 1067 615 1115 nam
633 1045 677 1114 mi
697 1044 803 1114 calido
822 1045 884 1114 das
902 1044 1067 1137 sanguiue
1088 1066 1224 1136 poenas

289 1321 374 1389 Astu
397 1341 462 1388 non
484 1316 519 1386 ui
542 1340 615 1387 Sum
638 1340 800 1388 Summam
823 1340 959 1387 SEI‘URIG
981 1318 1075 1389 decet
1096 1341 1175 1389 ΓΘΙΠ.

712 1472 771 1542 LX

290 1592 451 1685 Virginis.
479 1613 554 1661 nam
572 1590 633 1660 sibi
654 1591 795 1684 quisque
817 1590 905 1660 domi
923 1592 1093 1665 Romanus
1114 1595 1213 1665 habet
1231 1618 1296 1665 sas.

689 1745 763 1816 LXI
778 1742 794 1782 *

289 1883 431 1966 Seruius
452 1881 485 1950 in
504 1879 628 1974 Georg.
659 1882 770 1956 {1384
804 1883 982 1972 ‘Romulus
1008 1907 1083 1955 oum
1109 1884 1297 1955 aedificaret

186 1989 275 2060 Iouis
295 1986 493 2081 [templum],
527 1987 633 2075 pelles
656 1991 773 2057 unctas
795 1989 912 2060 strauit
937 1994 969 2059 et
996 1990 1044 2059 sic
1065 1989 1161 2060 iudos
1186 1989 1296 2073 edidit,

186 2097 222 2163 ut
251 2098 284 2163 et
310 2091 476 2162 caestibus
505 2088 697 2160 dimicarent
729 2096 761 2160 et
787 2114 887 2163 cursu
913 2093 1164 2178 contenderent,
1199 2115 1297 2186 quam

186 2219 255 2267 rem
277 2197 403 2265 Ennius
426 2194 459 2262 iu
481 2192 654 2263 annalibus
677 2196 837 2264 testatur!

669 2348 758 2419 LXII
772 2346 812 2385 ⁹⁶*
899 2372 902 2379 ’

288 2466 510 2560 Confrictique
527 2466 603 2537 oleo
621 2469 735 2539 lentati
753 2474 785 2538 et
802 2469 844 2539 ad
861 2489 953 2539 arma
970 2468 1076 2560 parati

183 2672 262 2735 tiquis
281 2670 355 2720 codd.
376 2676 449 2718 sexto
464 2668 530 2718 libro
549 2672 674 2722 antecedit
692 2672 816 2737 septimus
829 2696 863 2709 —
883 2669 926 2720 hic
939 2670 975 2721 v1
988 2666 1019 2734 3)
1089 2671 1172 2721 LVIII
1198 2670 1296 2720 Macro-

184 2743 243 2792 bius
256 2740 309 2790 Sat.
326 2741 360 2788 VI
376 2739 389 2789 1
404 2754 431 2804 p.
445 2737 497 2789 499
509 2739 566 2788 Jan.
593 2744 634 2790 ‘tu
652 2749 737 2792 tumen
755 2743 852 2792 Interea
871 2741 954 2791 calido
974 2739 1038 2790 mihi
1054 2742 1180 2807 sauguine
1199 2756 1295 2807 poenas

184 2810 327 2861 Persolues.
355 2806 430 2873 [Aen.
447 2809 484 2857 lX
499 2809 559 2873 422]
584 2811 681 2861 Ennius
694 2813 720 2861 iu
734 2813 818 2877 primo
833 2848 839 2861 .
856 2818 862 2860 ὲ
878 2813 893 2860 .’
925 2810 1032 2860 Seruius
1052 2811 1078 2859 iu
1101 2813 1165 2862 Aen.
1187 2811 1224 2860 IX
1243 2812 1294 2861 422

185 2881 283 2930 ‘calido
298 2879 362 2928 mihi
375 2878 499 2943 sanguine
514 2894 619 2944 poenas.
645 2882 741 2931 Ennius
755 2882 895 2948 imprimo:
913 2882 984 2930 uam'
1001 2895 1087 2942 e.q.s.
1158 2880 1217 2930 LIX
1235 2881 1295 2930 Fes-

185 2958 225 3001 tus
239 2966 265 3016 p.
280 2947 333 3000 298
346 2948 380 2997 Μ.
401 2950 483 2997 ‘sum
496 2963 542 3014 pro
557 2966 615 2999 eum
628 2967 690 3001 usus
705 2959 743 3001 est
757 2952 853 3000 Ennius
867 2949 894 3000 li.
913 2951 924 2999 I
940 2987 946 2998 .
963 2986 969 3000 .
986 2951 1002 2998 .’
1020 2949 1133 3015 (euius
1153 2946 1238 3013 cod.)⁴

183 3021 229 3071 LX
255 3020 345 3070 Festus
363 3033 390 3083 p.
404 3015 456 3069 325
470 3018 503 3067 Μ.
531 3023 601 3070 ‘sas
621 3022 728 3071 Verrius
748 3030 820 3087 putat
840 3019 985 3086 siguificare
1006 3034 1050 3069 eas
1069 3027 1132 3070 teste
1151 3021 1232 3070 Ennio
1251 3021 1295 3083 qui

185 3092 247 3141 dicit
263 3091 289 3139 iu
303 3089 320 3138 l.
336 3090 362 3138 I:
381 3089 509 3154 uirgines·
525 3105 547 3139 e.
565 3106 590 3153 q.
606 3107 627 3140 s.
647 3094 721 3143 ‘cum
734 3107 794 3142 suas
811 3091 893 3156 magis
907 3089 1054 3156 siguificare
1065 3090 1200 3140 uideatur!
1230 3091 1295 3139 Pau-

184 3159 565 3227 rusp.324u1.‘sas‚suas.
598 3162 707 3211 Ennius:
728 3163 855 3228 uirgines‘
881 3178 903 3209 e.
920 3177 944 3223 q.
961 3176 982 3209 s.
1055 3159 1126 3211 LXII
1144 3160 1249 3211 Seruius
1269 3161 1295 3209 iu

184 3227 368 3281 Aen.111384
394 3231 432 3278 ‘et
451 3229 554 3291 quidam
575 3229 754 3282 lentandus
772 3247 838 3280 noue
857 3231 964 3279 uerbum
978 3229 1064 3278 fictum
1080 3237 1184 3295 putant,
1208 3229 1294 3279 sedin

183 3300 318 3350 annalibus
338 3299 444 3363 legitur:
476 3298 662 3349 confricati
687 3302 758 3350 oleo
779 3301 903 3351 lentati
928 3301 1112 3364 paratique
1132 3300 1170 3350 od
1189 3300 1295 3348 arma!

183 3371 258 3420 Ennii
277 3369 381 3419 annales
395 3369 540 3433 suspicatur
553 3368 580 3418 G.
598 3370 716 3421 Barthius
733 3371 766 3420 ad
779 3371 912 3421 Claudian.
928 3370 1004 3420 Cous.
1019 3369 1089 3419 Mall.
1105 3371 1149 3421 42.
1177 3369 1232 3419 Huc
1245 3377 1295 3418 ret·

190 3479 395 3491 ----

224 3547 261 3603 98
286 3559 351 3599 esse
376 3544 472 3614 priora
497 3545 586 3616 uulpo.
615 3546 758 3616 propriam
785 3544 865 3601 Vino.
887 3545 949 3600 Erl.
1057 3551 1109 3604 100
1140 3560 1196 3599 uon
1223 3542 1294 3597 Por.

183 3628 281 3685 Saliab.
389 3634 438 3687 101
455 3629 521 3696 nisi]
544 3646 636 3700 nequo
650 3630 763 3687 Merula
847 3631 885 3686 mi
898 3646 951 3686 om.
968 3630 1066 3686 Satist.
1155 3625 1229 3684 dabi'
1253 3630 1295 3682 ‘in

182 3731 233 3770 ora
240 3713 414 3769 Soricariam
427 3714 496 3768 cod!
521 3713 658 3770 Macrobii
672 3716 874 3781 testePontonu
893 3714 1005 3771 Merula
1091 3721 1141 3774 102
1161 3719 1224 3768 astu
1238 3729 1294 3766 non

182 3800 223 3868 ui]
241 3805 268 3854 at
282 3805 311 3854 tu
326 3814 382 3852 uon
397 3804 426 3852 ut
441 3799 500 3853 cod.
516 3805 543 3853 at
560 3805 586 3853 te
600 3817 655 3854 non
675 3807 703 3856 ut
718 3800 858 3857 Columna.
880 3808 908 3856 at
930 3807 955 3855 te
973 3817 1030 3855 non
1046 3799 1154 3856 Tatium
1169 3797 1295 3871 SocIs'pcr

267 3899 404 3940 summam
425 3883 550 3940 Vrsinus.
567 3902 675 3940 summa
689 3887 748 3941 cod.
790 3886 833 3958 Cf.
846 3885 943 3941 Aeson.
954 3886 1050 3942 Prom.
1061 3889 1114 3945 214
1130 3868 1215 3951 sicori
1226 3869 1293 3938 κατ’

181 3954 266 4043 ἰσχὺν
287 3951 357 4025 ovidi
377 3953 451 4043 πρὸς
471 3955 503 4024 τὸ
519 3956 661 4045 καρτερὸν
676 3965 771 4045 χρείη,
793 3960 871 4050 δόλῳ
891 3963 923 4026 δὲ
938 3956 1007 4038 τούς
1026 3957 1204 4047 ὑπερτέρους
1221 3986 1294 4042 κρα-

179 4054 240 4110 τεῖν
350 4057 402 4110 103
424 4055 541 4125 uirgInis
560 4058 619 4111 siue
639 4057 758 4128 uirgine.
779 4073 843 4110 nam
864 4055 1061 4111 Lachmannuo
1082 4055 1122 4110 od
1138 4052 1224 4109 lucr.
1255 4050 1298 4109 VI

181 4141 258 4198 1067.
277 4138 404 4210 uirgInes
419 4155 485 4193 nam
497 4139 604 4209 Festus,
619 4140 726 4196 Paulus
832 4145 884 4202 104
899 4142 1081 4214 confrictIque
1097 4139 1136 4195 Η.
1149 4137 1294 4210 Ilbcrpius.

180 4225 324 4280 confricari
343 4223 460 4279 Seruius
544 4233 572 4281 et
591 4226 629 4281 ad
654 4243 733 4283 arma
753 4227 843 4300 parati
864 4225 902 4281 Η.
918 4224 1064 4298 Ilberps'us.
1088 4227 1234 4298 parasque
1256 4222 1294 4277 ad

180 4326 260 4366 arma
275 4309 391 4366 Seruius
