2834 4988
530 427 763 489 ENNIANAE
1115 437 1202 487 xolll

87 601 278 680 repetiuerit,
305 607 401 659 tamen
430 617 488 659 non
514 606 571 657 tam
599 595 691 656 Siculi
719 592 934 673 philosophiam
957 610 1041 672 quam
1068 611 1131 654 eam
1155 597 1201 655 cui

87 708 138 768 ille
166 724 200 767 se
233 706 385 767 addixerat
406 705 619 783 Pythagoream
647 711 777 764 sectatus
807 709 861 760 est.
906 700 1021 760 Etenim
1048 702 1115 762 huic
1139 702 1201 782 phi·

88 813 262 893 losophiae,
286 831 370 892 quam
386 811 507 871 Romani
527 811 682 889 antiquitus
704 817 854 886 receptam
876 808 1033 868 studiosius
1053 806 1200 884 colebant,

87 920 197 980 Ennius
221 936 356 1000 quoque,
386 919 465 999 quod
491 917 642 977 exordium
670 914 813 978 annalium
839 915 951 991 arguit,
983 915 1144 992 praecipue
1169 933 1203 974 se

87 1028 220 1088 dederat.
266 1024 330 1099 Qua
352 1042 384 1084 re
404 1041 462 1084 non
486 1042 544 1104 quo
567 1024 728 1101 argumenti
757 1023 900 1099 originem
929 1020 1086 1095 indicaret,
1118 1037 1203 1099 quam

88 1133 168 1212 quod
190 1131 382 1212 Epicharmus
406 1131 528 1191 eximius
547 1130 670 1192 scholae
692 1129 896 1206 Pythagoreae
924 1135 1054 1187 sectator
1076 1126 1203 1188 habeba-

89 1248 152 1315 tur,
187 1237 245 1298 hoc
282 1238 310 1297 ei
345 1237 462 1297 carmini
495 1254 601 1297 nomen
634 1237 791 1315 inscripsit.
843 1232 888 1294 Ci.
922 1233 952 1293 h.
985 1231 1022 1292 V.
1054 1232 1203 1293 Schmidtii

90 1346 212 1420 Quaest.
235 1342 340 1423 Epich.
363 1361 391 1421 p.
413 1341 463 1402 53.
509 1339 593 1414 Quae
616 1343 683 1404 mihi
709 1344 852 1402 sententia
881 1357 917 1399 eo
939 1341 1031 1417 magis
1051 1339 1202 1417 probatur,

90 1469 155 1512 curn
176 1449 285 1510 Ennius
317 1450 345 1507 in
370 1448 429 1507 hoc
457 1451 584 1510 carmine
614 1449 834 1529 Epicharmum‚
868 1448 930 1507 siue
961 1448 986 1504 is
1013 1446 1205 1506 interlocutor

90 1557 143 1617 luit
173 1558 237 1616 siue
262 1574 336 1615 unus
365 1556 459 1615 omniu
486 1554 660 1636 disputant,
691 1557 857 1635 loquentem
888 1555 1020 1615 uideatur
1045 1554 1204 1614 induxisse.

89 1662 155 1723 lloc
178 1663 253 1722 enim
271 1663 402 1722 indicare
423 1661 491 1722 milri
514 1661 608 1721 Varro
627 1664 706 1723 uisus
730 1671 792 1737 est,
816 1664 863 1740 qui
889 1662 925 1722 de
945 1661 976 1721 L.
998 1662 1029 1721 h.
1060 1660 1085 1718 V
1105 1661 1145 1719 59
1165 1658 1204 1719 ll.

91 1771 128 1830 de
158 1768 217 1830 hoc
256 1769 382 1829 carmine
419 1775 510 1845 itaque
542 1770 632 1848 inquit
665 1775 853 1848 Epicharmus
891 1774 925 1828 de
959 1780 1046 1827 rutente
1084 1772 1205 1828 humone

91 1880 155 1935 dicit
177 1874 219 1954 (V
220 1873 250 1954 l)
273 1884 304 1935 et
325 1874 352 1932 V
374 1872 414 1935 68
435 1872 474 1933 Μ.
495 1879 559 1936 Marc
580 1881 770 1954 Epicharmus
790 1883 866 1937 Enni
880 1881 1081 1951 Proserpinam
1102 1891 1208 1950 quoque

92 1987 216 2059 adpetlnt
237 1979 348 2061 (vill).

177 2086 222 2148 Eo
241 2086 333 2164 libro,
361 2104 447 2167 quem
477 2095 565 2165 poeta
592 2088 792 2150 Euhemeri
822 2093 936 2151 nomine
963 2086 1127 2166 insignium,
1148 2083 1205 2145 Eu·

92 2195 221 2271 hemeri‚
242 2191 356 2272 quode
387 2191 554 2253 llrahnerus
585 2195 621 2255 de
646 2199 741 2256 causis
772 2214 848 2257 corr.
879 2197 964 2272 relig.
993 2193 1077 2253 llom.
1107 2209 1135 2271 p.
1165 2191 1204 2252 37

93 2310 230 2363 accurate
262 2300 435 2379 disputauit‚
470 2316 615 2360 sacram
648 2302 857 2380 historiam,
891 2313 921 2363 ut
951 2300 1057 2362 Cicero
1087 2300 1125 2360 ait
1154 2299 1206 2377 (de

93 2418 151 2469 nat.
174 2408 259 2469 decr.
280 2405 292 2467 Ι
314 2404 366 2481 42,
390 2405 482 2486 119),
506 2407 725 2487 ‘interpretatus
748 2420 777 2470 et
800 2421 918 2471 secutus
945 2411 1011 2469 est'
1055 2406 1207 2485 Reliquias

93 2513 160 2574 inde
183 2514 266 2574 unius
287 2512 427 2573 Lactantii
450 2529 628 2590 paganorum
658 2517 781 2595 ineptias
811 2518 977 2578 confutandi
1000 2514 1122 2574 studium
1143 2532 1206 2572 ser·

95 2620 190 2696 uenit,
213 2619 281 2679 stilo
304 2618 435 2699 pedestri
458 2628 609 2696 exaratas,
633 2621 687 2681 sed
709 2624 747 2682 ita
780 2633 810 2683 ut
836 2623 953 2683 multum
980 2620 1140 2682 abhorrere
1170 2619 1206 2679 alr

95 2734 191 2786 aetate
209 2724 294 2785 Ennii
316 2726 483 2802 uideantur,
508 2743 593 2804 quem
619 2745 677 2807 ego
706 2747 793 2809 prosa
823 2730 956 2789 oratione
988 2729 1102 2787 omnino
1124 2744 1206 2786 usum

95 2850 162 2890 esse
182 2830 304 2891 difficile
324 2832 492 2893 concedam.
537 2831 569 2893 ln
589 2851 646 2912 qua
666 2853 754 2897 causa
774 2834 842 2895 nihil
859 2851 912 2894 uos
924 2834 1063 2894 Varronis
1082 2834 1151 2894 loco
1168 2832 1205 2892 de

95 2957 127 2998 re
149 2939 259 2998 rustica
279 2937 293 2997 l
315 2937 355 2998 48
378 2937 560 3016 adiuuamur,
581 2941 658 3019 apud
680 2960 766 3022 quem
795 2960 852 3001 non
882 2939 960 3019 quod
985 2939 1157 3017 uulgalratur
1178 2944 1206 2996 in

93 3049 246 3105 Euhemeri
261 3048 396 3120 uersibus,
409 3044 463 3104 sed
478 3051 505 3104 in
517 3049 669 3106 Euhemeri
683 3053 759 3107 tiltres
776 3057 865 3108 uersis
884 3049 983 3127 optimi
1001 3047 1067 3107 libri
1082 3046 1206 3106 auctori-

93 3159 153 3210 tate
170 3151 364 3213 confirmatur.
382 3148 427 3210 Gi.
440 3151 665 3214 Politianilllisc.
682 3171 707 3213 c.
720 3154 770 3214 35.
796 3153 868 3213 Eum
880 3162 975 3213 autem
989 3166 1106 3209 uersum
1121 3165 1208 3226 quem

94 3253 157 3312 sine
175 3253 241 3313 lilrri
263 3255 369 3317 indicio
384 3256 495 3319 Nonius
514 3277 542 3339 p.
560 3259 641 3334 216,
665 3258 705 3320 29
723 3261 821 3320 citauit
845 3259 935 3337 (dnn.
955 3257 967 3317 l
985 3253 1135 3334 mxxv)
1158 3271 1204 3311 su-

95 3376 147 3438 pra
169 3361 266 3420 monui
291 3380 321 3441 p.
352 3361 449 3424 XXVI
473 3384 523 3426 cur
542 3365 578 3426 alr
598 3364 764 3427 Euhemero
788 3367 911 3427 alienum
941 3366 1050 3425 ducam.
1096 3361 1205 3420 Verum

95 3467 170 3526 enim
198 3483 270 3527 uero
298 3487 363 3531 cum
390 3469 553 3533 Columella
579 3472 621 3533 lX
649 3472 795 3549 Epoe'tcm
815 3478 1000 3533 Euhemerum
1024 3469 1082 3550 (V)
1111 3468 1206 3529 lauda·

94 3573 174 3632 uisse
198 3572 282 3634 Ennii
304 3594 415 3636 mernor
434 3579 579 3656 uideatur,
607 3589 666 3639 tum
695 3599 742 3638 res
773 3580 925 3639 coniicitur
954 3577 1059 3656 opinor
1087 3577 1205 3634 inuento

93 3677 216 3758 llbergii
238 3683 314 3757 mei,
345 3683 394 3762 qui
416 3684 626 3745 delitescentes
657 3686 709 3746 sub
740 3685 879 3745 lactantii
901 3682 1001 3742 uerbis
1023 3691 1206 3742 tetrametro-

94 3803 156 3845 rum
180 3786 339 3865 particulas
360 3791 520 3850 suscitauit.
566 3790 640 3851 Vide
664 3793 846 3869 igitur-quos
869 3789 919 3849 ille
950 3788 1026 3848 eir.
1057 3787 1112 3848 Xll
1138 3807 1204 3847 uer-

94 3909 144 3951 sus
176 3892 386 3972 descripserit:
414 3897 542 3970 Iuppiter
564 3907 710 3973 postquam
740 3902 833 3955 omnies
859 3910 951 3955 ferrus
979 3898 1107 3954 circumit
1126 3898 1207 3970 quin-

93 4027 189 4095 quiens
213 4015 218 4102 l
246 3999 427 4097 Omnibusque
447 4023 505 4080 auis
530 4029 625 4082 omici's
652 4026 733 4100 dique
755 4027 878 4099 ecpnutis
904 4029 962 4082 suis
981 4019 986 4105 l
1006 4001 1130 4098 imperia
1159 4043 1208 4082 eu·-

88 4130 203 4202 pendit,
236 4132 346 4202 reliquit
372 4129 459 4204 leyen,
490 4147 581 4188 mores
606 4130 724 4205 donauit,
752 4125 757 4211 l
784 4134 963 4189 Fruinreutum
990 4132 1107 4210 ptaroni!
1138 4137 1206 4189 uliu—

95 4251 147 4306 que
176 4235 318 4292 inmortali
342 4238 432 4310 plima
458 4232 463 4317 l
487 4237 577 4293 Multo
604 4239 681 4310 serit.
711 4243 739 4294 et
768 4254 785 4294 e
815 4238 850 4296 lr.
879 4236 946 4296 Vlll
975 4240 1103 4310 Iuppiter
1130 4240 1207 4310 Nep-

95 4341 159 4398 tuno
179 4345 325 4416 imperium
341 4345 424 4416 pdnti
445 4345 508 4417 dut,
526 4353 555 4401 ut
583 4348 611 4400 in
640 4344 737 4401 incautis
756 4341 761 4425 Ι
781 4345 893 4414 Quue'ue
913 4361 992 4402 secus
1010 4346 1125 4417 puratum
1147 4346 1208 4400 locu
