2834 4988
207 374 284 422 xxm
609 365 921 437 QVAESTIONES

170 572 173 578 ·
209 532 356 594 uideatur:
386 549 474 612 quam
497 513 558 603 rem
587 550 625 592 nc
648 531 783 621 subtilior
811 534 926 614 quidem
955 536 984 595 in
1011 535 1069 597 hoc
1097 553 1209 627 genere
1235 542 1327 616 poeta

57 622 61 629 ¹
210 639 360 719 Vergilius
383 638 539 716 deuitauit,
564 639 611 718 qui
627 637 700 699 den.
716 640 758 702 vl
778 640 856 718 723,
881 661 966 721 quem
980 643 1076 704 locum
1092 634 1239 721 llhergius
1254 641 1326 702 indt-

150 732 153 737 *
212 747 289 810 cauit
312 764 341 826 p.
360 742 416 820 17,
443 729 600 806 Anchisam
616 734 813 825 descendenti
830 747 992 810 adinleros
1007 750 1129 812 Aeneae
1143 749 1212 811 iacit
1228 765 1331 828 prom·¹

212 864 290 936 ptam
310 872 328 915 c
348 861 449 915 natura
474 870 570 913 rerum
592 854 762 933 sapientiam
785 872 932 944 enarrare.
969 856 1015 916 An
1037 866 1094 931 tam
1116 858 1242 937 ineptam
1264 873 1328 915 rem

213 962 322 1024 Ennius
341 961 419 1053 egit,
443 959 521 1039 quod
544 961 624 1039 prius
643 979 728 1040 quam
747 961 783 1023 ad
803 974 941 1024 summam
959 940 1142 1039 sententiam,
1169 963 1326 1022 animarum

213 1047 451 1145 translationem,
479 1065 653 1144 accederet,
684 1070 772 1149 paulo
793 1064 882 1152 supra
900 1057 1042 1159 'repetens
1063 1069 1159 1131 mundi
1185 1069 1328 1147 originem

215 1175 430 1258 animarumque
451 1183 580 1236 naturam
605 1174 791 1254 exponeret?
818 1176 855 1238 Et
878 1178 1020 1239 annalium
1043 1178 1068 1237 si
1091 1195 1148 1236 non
1164 1184 1237 1235 ‘sunt
1261 1193 1327 1236 uer-

215 1300 265 1343 sus
280 1282 340 1360 illi,
355 1283 401 1343 cui
417 1283 531 1344 tandem
548 1284 666 1351 carmini
682 1280 843 1344 infercias?
865 1281 915 1344 De'
926 1282 1115 1364 Epicharmo,
1130 1283 1327 1364 philosophae

177 1381 182 1391 '
215 1368 366 1450 doctrinae
381 1378 499 1467 dicato,
529 1389 665 1470 quoniam
682 1386 854 1469 Epicharmi
876 1408 997 1467 uersus,
1022 1392 1065 1452 illi
1087 1391 1202 1470 quidem
1222 1391 1269 1469 qui
1290 1406 1328 1450 ex

214 1492 390 1576 Epicharmo
412 1498 582 1560 adferuntur
604 1496 731 1572 diserte,
760 1514 881 1558 numero
903 1497 1054 1559 trochaico
1075 1498 1248 1573 decurrunt,
1271 1513 1329 1556 non

214 1602 343 1664 debebat
365 1605 480 1664 omnino
503 1602 642 1682 cogitari:
669 1602 724 1663 nisi
737 1604 780 1681 is,
806 1606 852 1665 cui
866 1606 931 1679 iere
944 1604 1088 1667 debentur
1101 1604 1275 1684 superstites
1292 1621 1329 1664 ex

214 1710 273 1772 hoc
293 1728 405 1789 genere
421 1730 543 1787 uersus,
574 1710 668 1770 Vario
687 1708 875 1770 hexametros
894 1711 962 1772 illos
984 1714 1066 1792 ipsos
1084 1714 1159 1793 quo's
1178 1711 1329 1772 Lucretius

213 1816 367 1879 uidebatur
385 1817 535 1881 annalibus
551 1816 669 1879 tradere
686 1834 741 1877 una
757 1835 822 1878 oum
838 1818 974 1880 uersibus
989 1821 1146 1882 trochaicis
1160 1837 1198 1880 ex
1214 1819 1329 1894 eodem,

214 1933 246 1984 ut
266 1933 384 2004 putant,
412 1923 589 2006 Epicharmo
609 1923 782 1986 rettulisset.
828 1924 963 2005 Adposui
985 1928 1075 2005 inira,
1104 1937 1135 1988 ut
1152 1926 1332 2004 intelligatur

215 2030 355 2111 quidhoc
371 2035 414 2096 rei
431 2032 483 2110 sit,
505 2031 646 2093 Varronis
663 2031 778 2110 integra
793 2031 884 2094 uerba
900 2032 953 2113 (de
969 2033 999 2094 h.
1018 2032 1049 2092 l..
1066 2033 1093 2093 V
1108 2034 1149 2095 59
1165 2033 1237 2115 Μ.);
1260 2038 1331 2094 hacc

214 2141 268 2198 duo
294 2144 400 2200 caelum
427 2152 454 2201 et
481 2150 559 2201 terro
585 2144 660 2218 quod
687 2146 780 2200 anima
810 2150 838 2201 ct
866 2159 969 2218 corpus
995 2144 1117 2202 umidum
1144 2152 1170 2203 et
1196 2143 1331 2218 fmffldam

216 2253 295 2305 terra
307 2251 367 2306 siue
381 2268 435 2308 cuc
446 2254 547 2326 parire
557 2252 626 2310 colet
636 2266 725 2325 penos
733 2254 837 2324 pennis
851 2249 1071 2321 condecoratam,
1086 2268 1142 2309 non
1157 2254 1287 2321 animam,
1303 2256 1334 2309 ot

216 2357 256 2412 cit
275 2355 398 2429 Ennius,
430 2363 538 2431 etpost
558 2357 624 2413 inde
649 2348 880 2416 uenit'diuinitus
905 2357 991 2431 pultis
1018 2360 1082 2431 apsa
1104 2361 1199 2416 animo
1224 2360 1283 2415 dicte
1303 2364 1333 2415 ut

217 2461 312 2520 Zenon
334 2464 434 2522 Citieus
456 2466 616 2522 animalium
637 2478 731 2520 semen
752 2467 823 2539 spuis
844 2467 869 2522 ia
892 2466 941 2538 qui
960 2445 1053 2521 aalma
1081 2482 1116 2523 cc
1146 2481 1250 2525 merto..
1281 2465 1334 2534 Qui

218 2571 447 2631 caldoreccelo
470 2573 609 2646 quoditie
634 2571 847 2629 innumeradiles
873 2589 907 2629 ac
935 2575 1095 2631 inmortales
1120 2575 1210 2647 pnes:
1242 2575 1333 2646 imque

219 2677 463 2751 Epicharmus
476 2682 511 2737 de
526 2687 615 2737 mente
630 2679 834 2737 humoncdicit
849 2682 935 2737 istic
949 2683 1039 2738 eotde
1053 2683 1110 2739 sole
1125 2687 1251 2753 comptos
1264 2683 1334 2754 ignis

219 2785 249 2841 id
269 2787 373 2843 esrom
391 2794 434 2844 'est
453 2789 530 2861 isque
545 2793 614 2844 otus
631 2789 728 2845 mentia
741 2793 791 2844 est.
830 2782 945 2844 Etenim
960 2783 1127 2847 dirimentes
1142 2802 1158 2845 a
1175 2802 1263 2859 uersu
1280 2801 1333 2843 suo

218 2894 279 2950 t'rtic
300 2906 462 2969 pronomen
479 2907 548 2977 'crun
570 2885 737 2970 Epicharmi
760 2891 877 2952 nomine
899 2889 1049 2950 nouissimi
1068 2891 1183 2968 quidem
1204 2891 1361 2966 editores·

221 2996 409 3075 coniungunt,
432 3014 491 3076 quo
513 2997 683 3077 superiores
700 3015 804 3058 uersus
819 2996 1011 3083 hexametros,
1024 3016 1062 3058 ex
1079 2997 1209 3059 eiusdem
1226 3005 1334 3077 potitae

217 3102 307 3165 Siculi
329 3120 382 3165 ore
405 3103 525 3197 duxisse
547 3104 735 3182 significetur.
776 3101 815 3161 At
835 3101 912 3163 hunc
933 3103 1013 3179 nihili
1036 3122 1104 3164 esse
1131 3112 1235 3164 testem
1254 3112 1335 3164 certa

220 3231 325 3275 uersus
340 3211 551 3295 interpolatrici
567 3229 651 3273 manu
662 3208 738 3271 male
750 3206 896 3271 attrectati
910 3211 1073 3273 emendatio
1088 3211 1228 3272 ostendit:
1249 3229 1335 3291 quem

222 3338 286 3381 cum
308 3320 444 3398 Scaliger
472 3319 541 3380 olim
570 3321 598 3380 in
626 3320 701 3380 hunc
728 3318 842 3378 modum
869 3325 1041 3397 purgasset:
1069 3324 1129 3378 a'ctic
1157 3300 1197 3378 cst
1225 3321 1336 3378 ate-sole
1375 3355 1378 3362 -

219 3434 345 3503 sumptus
365 3431 532 3504 sputumque
553 3430 649 3484 mentis
671 3434 720 3502 est,
743 3423 838 3504 paulon
850 3422 1030 3504 probabilius
1045 3423 1189 3502 Berghius
1211 3422 1232 3482 l.
1254 3422 1273 3481 l.
1296 3423 1357 3500 ita-

221 3535 250 3595 in
271 3533 421 3613 pristinam
443 3529 574 3611 speciem
595 3529 721 3589 restituit
742 3548 838 3591 suam:
860 3535 920 3591 istic
938 3539 978 3591 eat
999 3533 1105 3590 desole
1120 3535 1337 3606 complosisque

221 3648 291 3702 totus
312 3646 479 3699 mansuem.
512 3637 549 3697 m
571 3636 666 3698 eidem
688 3637 731 3698 illi
754 3637 790 3698 de
813 3635 917 3716 quihus
941 3653 1037 3696 sermo
1060 3643 1106 3695 est
1126 3653 1230 3695 uersus
1245 3634 1336 3694 hexa-

220 3747 304 3807 metri
320 3745 492 3825 quihusdam
508 3748 645 3826 expressi
660 3745 832 3807 uidebantur
849 3764 887 3806 ex
905 3744 949 3805 his
962 3742 1084 3804 Graecis
1096 3757 1171 3820 quos
1183 3741 1336 3818 lliogenes

222 3850 353 3914 Laertius
377 3852 433 3933 (111
458 3853 496 3914 12
518 3871 546 3933 p.
570 3852 610 3914 72
635 3850 680 3914 ed.
702 3851 785 3932 Did.)
808 3852 936 3914 seruauit
958 3847 1141 3929 Epicharmi:
1254 3855 1260 3866 ‘

303 4013 307 4020 ·
388 3970 520 4057 Εὔμαιε,
542 3967 573 4039 sd
598 3969 693 4056 σοφόν
714 3973 794 4038 ἐστιν
815 3966 850 4038 αὖ
872 3963 948 4062 καθ’
968 3972 1006 4033 tv
1025 3967 1128 4051 μόνον,

390 4069 458 4140 dtt’
482 4070 579 4142 ὁπόσα
600 4100 655 4160 περ
675 4081 726 4163 ζῇ,
752 4070 852 4139 πάντα
872 4074 924 4161 καὶ
946 4067 1070 4156 γνώμαν
1092 4071 1157 4154 ἔχει.

387 4179 438 4242 καὶ
458 4171 516 4264 γὰρ
535 4173 566 4243 sd
589 4185 671 4263 θῆλυ
692 4183 749 4242 τᾶν
769 4171 965 4259 ἀλεκτορίδων
985 4174 1079 4271 ydaros,

388 4283 421 4345 αἰ
443 4286 495 4367 λῇς
518 4286 706 4362 καταμαθεῖν
726 4272 839 4359 ἀτενές,
861 4270 897 4341 οὗ
918 4278 1007 4340 τίκτει
1028 4276 1117 4339 τέκνα
1131 4300 1142 4309 ”·
