2834 4988
589 399 823 456 ΕΝΝΙΑΝΑΕ
1197 408 1259 455 XLI

146 565 230 643 qnasi
249 564 379 624 diluculo
404 583 421 624 e
443 564 615 640 fragmentis
637 564 802 642 dispicere,
829 563 909 622 ueiut
933 564 1086 625 aduentum
1109 564 1172 621 eius
1201 562 1259 621 Ro·

144 690 219 731 mam
242 680 271 731 et
292 688 378 730 omen
410 672 438 729 in
468 671 571 729 itinere
603 669 717 730 obuiam
746 669 853 728 factum
883 669 921 748 (Ι.
951 670 1011 749 ΙΙ),
1041 689 1161 748 regnum
1191 679 1260 748 post

146 779 222 838 Anci
245 777 353 837 obitum
376 796 393 838 a
415 776 526 855 popuio
550 777 578 834 in
600 775 681 835 illum
702 776 828 835 delatum
853 775 918 854 (ΙΙΙ.
939 776 1011 855 lV):
1032 776 1167 862 denique·
1183 794 1259 836 mor·

145 888 185 946 tui
208 887 287 963 regis
308 885 411 945 funera
432 881 525 961 (vlit.
549 880 616 959 ΙΧ).
663 880 760 959 Atque
784 899 869 942 omen
888 882 1004 960 quidem
1028 882 1123 943 binius
1146 883 1260 943 uidetur

146 1010 203 1053 non
224 993 287 1053 sine
306 991 390 1051 Ennii
412 988 534 1069 quadarn
553 987 711 1047 imitatione
734 1006 852 1047 narrare
873 987 885 1047 Ι
903 989 942 1050 34
965 993 1005 1048 ad
1019 991 1261 1065 Ianiculumforte

144 1109 257 1161 uentm
280 1107 356 1159 erat.-
375 1102 412 1158 ibi
431 1103 457 1156 ei
476 1103 611 1172 carpento
632 1100 738 1155 sedenti
753 1116 816 1154 cum
837 1115 928 1155 uxore
949 1102 1043 1171 aquila
1059 1099 1258 1171 suspensisde-

144 1212 231 1266 miaoc
257 1211 354 1266 leuiter
374 1210 427 1265 alis
442 1210 559 1280 pilleum
581 1205 691 1279 aufert,
716 1221 856 1278 superque
879 1211 1041 1277 carpentum
1071 1223 1132 1262 cunr
1161 1224 1260 1279 maqno

145 1319 278 1390 cianqore
298 1318 417 1374 uolitans
434 1331 534 1372 rursus
555 1315 629 1371 uelut
648 1315 796 1370 minbterio
817 1312 947 1369 diuinitus
974 1316 1058 1369 missa
1087 1317 1173 1386 capiti
1196 1320 1261 1386 apte

144 1425 269 1496 reponit:
290 1423 355 1478 iude
375 1424 496 1479 sublimis
517 1421 582 1476 abit.
626 1413 657 1473 ln
679 1414 786 1492 quibus,
804 1415 878 1476 adeo
904 1433 1008 1475 uersus
1030 1415 1170 1494 quosdam
1192 1414 1259 1477 cte·

144 1528 225 1586 ricus
250 1524 286 1585 ad
308 1525 379 1587 Liuii
410 1524 429 1584 Ι.
452 1524 472 1584 Ι.
498 1524 637 1585 odoratus
664 1530 724 1596 est,
757 1521 800 1580 sic
829 1521 892 1581 iere
923 1523 1148 1601 reciperandos:
1183 1527 1260 1585 lours

143 1635 204 1689 ales
221 1634 301 1692 Caelo
321 1637 463 1708 taupennis
482 1635 599 1691 aeman
616 1638 656 1687 est
678 1633 774 1687 leniter
796 1633 862 1688 alis:
882 1632 984 1705 Aufert
1004 1636 1050 1691 ille
1069 1637 1177 1708 apicem
1188 1638 1257 1693 uoli-

144 1747 218 1810 tans,
240 1746 358 1814 apteque
379 1743 495 1814 reponit.
518 1738 590 1794 Inde
609 1739 811 1794 intonarunt.
835 1735 880 1796 Ad
904 1736 962 1796 hoc
984 1747 1078 1799 autem
1097 1739 1260 1818 prodigium

144 1844 180 1902 ir.
205 1843 298 1904 latim
321 1849 355 1904 de
376 1849 453 1904 caeto
475 1848 585 1902 laeuum
613 1845 686 1901 dedit
717 1847 835 1918 inclytus
862 1851 969 1920 siqnum
1000 1846 1125 1905 refertur
1153 1846 1258 1924 proba·

144 1949 250 2026 bilius,
275 1952 397 2031 opinor,
419 1967 503 2028 quam
525 1965 590 2008 cum
613 1948 774 2009 editoribus
803 1951 839 2009 ad
861 1951 955 2010 Seruii
979 1950 1065 2010 Tullii
1095 1953 1173 2011 nisa:
1204 1972 1259 2013 nec

144 2056 244 2117 obstat
271 2064 334 2118 olim
363 2056 522 2136 particula,
553 2074 637 2134 quarn
666 2057 695 2115 in
728 2057 785 2114 uim
815 2075 849 2116 ac
877 2059 1025 2118 notionem
1052 2067 1108 2116 tum
1133 2059 1258 2118 uoculae

144 2173 321 2244 usurparunt
351 2164 468 2224 Piautus
496 2161 556 2222 itit.
578 2162 656 2240 glor.
682 2161 700 2220 2
731 2162 768 2222 ai·
797 2172 826 2222 et
847 2164 982 2225 Horatius
1008 2167 1069 2232 Sat.
1092 2164 1184 2242 113,
1207 2167 1257 2227 60.

144 2269 210 2329 Nec
236 2280 331 2331 tamen
357 2270 486 2347 libergio
513 2270 678 2346 adsentior,
718 2270 766 2347 qui
794 2269 886 2330 Plauti
912 2270 1020 2331 Persae
1050 2292 1078 2332 n.
1104 2272 1162 2333 251
1194 2277 1259 2334 Ioui

145 2382 274 2452 oputento
295 2382 398 2437 incluto
420 2377 548 2436 confisus
570 2377 606 2436 ab
629 2375 723 2436 Ennio
746 2394 864 2454 qnoque
887 2378 943 2438 boc
967 2378 1034 2437 loco
1063 2386 1193 2457 inclytum
1211 2384 1253 2441 10-
1309 2405 1311 2410 ·

144 2501 208 2541 nm
240 2481 297 2542 dici
329 2482 511 2562 opinabatur.
562 2482 627 2560 Ego
657 2501 722 2543 cum
749 2482 824 2543 haec
853 2482 980 2543 Petronii
1004 2484 1121 2546 Haiosis
1151 2485 1257 2548 Troiae

144 2606 174 2646 u.
198 2587 257 2648 176
277 2592 348 2649 baec
376 2592 423 2649 nbi
446 2596 606 2666 personuit,
636 2594 670 2650 de
698 2595 775 2650 caeto
795 2593 947 2666 Delphicus
974 2596 1032 2650 ales
1061 2597 1157 2653 Omina
1186 2599 1259 2653 laeta

145 2698 221 2752 dedit
236 2700 397 2771 pepulitque
423 2699 556 2755 menibus
577 2718 665 2757 curas
686 2696 825 2772 confero,
860 2714 977 2756 uersum
1007 2698 1086 2759 iilum
1114 2700 1191 2758 malo
1221 2700 1257 2760 de

146 2801 214 2877 ipso
239 2800 308 2860 alite
339 2800 447 2861 efferri.
494 2802 539 2862 De
561 2808 629 2863 bono
648 2807 725 2862 Anco
755 2802 806 2879 (ir.
830 2801 885 2881 ΙΙΙ)
917 2803 955 2862 ci.
979 2801 1154 2863 Niebuhrins
1184 2804 1256 2864 Hist.

148 2905 232 2966 Rom.
258 2907 271 2968 Ι
298 2905 360 2968 392
389 2925 435 2985 sq.
487 2908 659 2987 Tarquinius
682 2908 798 2967 occisus
821 2907 933 2968 lanatur
958 2910 994 2969 ab
1023 2927 1116 2970 uxore
1145 2912 1257 2992 (virt),

145 3029 231 3091 qnam
253 3016 352 3073 bonam
371 3018 506 3092 feminam
526 3016 595 3077 dicit
618 3023 717 3093 potita,
741 3023 772 3073 ut
788 3011 894 3074 Cicero
907 3014 979 3075 Pbii.
993 3016 1033 3076 ΙΙΙ
1048 3018 1067 3078 6
1083 3028 1131 3078 tun
1152 3026 1256 3079 canitic

146 3123 219 3178 Ιιοηα
236 3121 354 3195 femina.
389 3118 434 3180 Cf.
457 3121 582 3183 Beckeri
606 3120 680 3182 Gnil.
705 3118 718 3179 Ι
740 3119 812 3180 276.
848 3119 944 3179 Funus
968 3121 1114 3201 Tarquinii
1137 3124 1258 3184 effertur

145 3225 180 3285 ad
204 3226 286 3286 iaces
309 3236 339 3287 et
362 3226 518 3302 candelas,
547 3227 689 3307 siquidem
717 3225 775 3284 hoc
803 3227 948 3303 significat
975 3246 1079 3288 uersus
1102 3234 1259 3306 prodinunt

143 3338 252 3409 famuli,
273 3343 329 3394 tum
350 3338 470 3393 eandida
491 3340 594 3395 luminu
612 3340 704 3394 lucent
727 3330 810 3411 (IX),
834 3335 861 3393 in
884 3353 942 3415 qno
963 3341 1054 3397 lucent
1071 3339 1166 3397 actiue
1187 3355 1255 3397 esse

145 3440 362 3518 accipiendum,
395 3441 506 3500 monuit
535 3440 675 3501 Columna
704 3439 781 3499 conl.
812 3440 904 3502 Piauti
928 3440 995 3503 Cas.
1019 3442 1032 3503 Ι
1055 3443 1095 3503 30
1125 3452 1154 3502 et
1184 3440 1255 3503 Cur·

146 3545 202 3605 cul.
221 3544 234 3605 Ι
258 3546 285 3620 1,
306 3545 334 3605 9.
381 3545 426 3604 De
449 3564 486 3606 eo
511 3547 642 3606 funerum
663 3564 774 3623 genere
794 3549 860 3609 uide
882 3559 1013 3610 ueterum
1041 3552 1204 3612 testimonia
1228 3555 1271 3624 in

146 3650 180 3710 0.
202 3650 299 3711 Jahnii
322 3653 358 3712 ad
380 3652 471 3712 Persii
494 3655 555 3714 Sat.
579 3653 618 3713 ΙΙΙ
641 3653 700 3714 103
720 3657 936 3716 commentario.
979 3649 1025 3717 De
1048 3658 1155 3734 tribus,
1180 3676 1255 3736 qnae

145 3767 300 3836 praetcrea
320 3760 356 3819 ad
380 3758 564 3839 Tarquinium
584 3761 708 3838 ascripsi
731 3760 911 3839 fragmentis,
932 3765 996 3843 ipse
1016 3766 1101 3825 uideo
1114 3783 1175 3824 rem
1188 3783 1255 3824 esse

145 3865 215 3923 satis
236 3864 415 3941 ambiguam:
439 3886 514 3946 quae
537 3866 655 3942 licebat,
677 3875 708 3925 ut
730 3867 841 3927 incerta
864 3871 926 3929 eius
949 3869 1030 3946 libri,
1054 3888 1215 3947 segregare
1240 3889 1255 3929 a

144 3971 282 4031 relicuis:
306 3990 382 4033 nunc
401 3973 558 4053 Tarquinio
581 3973 714 4049 ascribo,
744 3992 808 4032 cum
829 3991 886 4034 non
911 3976 1094 4036 incommode
1118 3976 1152 4035 ad
1186 3975 1255 4034 Tar·

144 4079 271 4156 quinium
292 4079 456 4140 referantur
481 4091 511 4140 et
531 4082 711 4141 commodius
723 4081 810 4160 paulo
824 4100 907 4160 quam
924 4084 959 4143 ad
973 4084 1106 4143 Seruium
1119 4081 1253 4156 Tullium,

142 4186 260 4266 dequo
283 4185 340 4246 alia
368 4205 454 4267 quam
481 4206 530 4247 res
556 4186 679 4247 bellicas
702 4195 806 4266 potita,
831 4191 858 4248 ni
879 4190 984 4267 fallor,
1015 4189 1161 4269 exposuit.
1207 4183 1253 4245 Gi,

142 4291 318 4353 Niebubrius
342 4293 416 4353 Hist.
439 4292 521 4353 Rom.
546 4294 559 4354 Ι
580 4295 652 4356 406.
698 4294 736 4355 Et
756 4296 791 4355 ir.
812 4294 837 4352 V
857 4295 973 4374 quidem
993 4297 1094 4355 nescio
1119 4312 1154 4353 an
1182 4293 1254 4352 nici-
