2834 4988
121 338 195 437 ‘nx
545 379 860 449 nt'nnsrton'ns

149 544 235 606 dubie
263 545 455 618 Quintilianus
485 546 528 621 (ll
553 546 601 608 17.
623 545 698 625 il).
726 549 774 625 qui
799 549 909 606 omisso
934 548 1050 626 quidem
1074 557 1185 628 poetae
1206 570 1256 611 no·

147 655 222 711 mitte
246 653 319 712 baec
341 661 447 711 lentum
474 657 538 711 ulrum
562 658 672 712 eirrrnuu
693 665 798 712 neutrum
824 668 929 714 tearum
951 655 1063 729 edient,
1085 659 1139 718 sed
1162 660 1201 718 tta
1226 670 1256 719 ul

148 774 205 834 quo
232 758 295 816 iere
316 776 391 816 nenu
415 760 439 817 is
467 777 570 819 uersus
597 759 673 836 apud
698 759 818 819 Ennium
840 759 953 819 babitus
979 761 1066 821 luerit
1094 765 1253 841 signibeet:

148 867 220 923 Nom
247 875 274 922 rt
291 871 460 940 grabernntnr
492 868 581 944 iuquit
610 872 669 924 tund
692 872 773 925 sulum
794 886 867 926 narie
898 874 926 925 in
949 880 1063 943 pmrtrtnr
1086 879 1254 946 peruenneg

146 976 172 1030 si
191 980 280 1030 tomen
302 982 458 1048 tempestate
473 977 562 1048 [ruerit
579 977 724 1048 obreptus.
744 994 799 1031 nou
820 978 879 1032 ideo
900 980 990 1033 minus
1006 982 1061 1035 erit
1076 981 1253 1055 gubernator,

146 1081 268 1155 dicetque
289 1090 381 1138 rrotnrn
404 1085 484 1139 illud.-
505 1085 569 1139 dum
588 1084 699 1138 altinum
718 1092 821 1139 rectum
844 1091 958 1138 terreum.
990 1080 1106 1154 Quare
1129 1084 1198 1145 uide
1219 1105 1253 1145 au
1285 1144 1289 1149 .

147 1186 174 1245 bi
206 1187 263 1246 duo
295 1204 414 1261 uersus,
457 1186 562 1265 quibus
595 1188 710 1246 tertium
741 1187 863 1245 forsitan
895 1186 985 1245 addus
1014 1192 1098 1263 sartis
1124 1195 1251 1264 Romani,

145 1315 309 1370 quamquam
330 1297 425 1353 raedis
439 1296 602 1368 profundus
628 1295 700 1364 (ine.
722 1293 784 1352 sed.
808 1291 906 1372 XXX)
937 1294 1078 1369 fmgmintt
1100 1316 1117 1356 e
1140 1300 1251 1359 nauita·

145 1400 184 1476 gii
204 1398 367 1469 cuiusdam,
395 1397 444 1456 uel
470 1397 547 1456 illius
570 1397 646 1476 quod
670 1398 705 1457 ad
729 1415 808 1457 oram
830 1399 956 1459 Siculam
984 1401 1090 1460 lectum
1114 1401 1250 1478 Polybius

144 1506 214 1568 137
237 1504 381 1583 perbibet,
404 1504 602 1581 descriptione
623 1504 779 1569 resideant.
813 1504 855 1564 lbi
874 1507 948 1565 enim
966 1507 1148 1583 guberuator
1165 1527 1250 1588 prop·

144 1621 190 1671 ter
228 1612 411 1670 inminentem
448 1629 531 1688 quum
571 1610 760 1690 praeuidebet
796 1620 1000 1690 tempestatem
1039 1614 1249 1690 nauigationem

144 1719 338 1778 dissuaserat:
371 1716 424 1776 sed
445 1735 462 1775 a
486 1717 561 1776 duee
581 1716 714 1775 Romano
742 1720 823 1776 euius
852 1726 916 1776 sunt
940 1719 1068 1780 tortasse
1090 1720 1141 1781 illa
1162 1721 1249 1781 uerba

145 1842 220 1902 quae
243 1823 279 1882 ir·
299 1822 382 1882 XXV
403 1824 530 1882 eontinet
554 1841 610 1881 non
630 1821 808 1882 audiebatur.
854 1823 914 1882 Sed
935 1823 1008 1883 baec
1031 1825 1060 1882 iu
1082 1824 1248 1883 coniectura

143 1932 237 2010 posita
265 1938 339 1990 sunt.
385 1929 460 2002 Quin
485 1928 539 1987 bos
569 1948 673 1988 uersus
700 1946 817 2002 omnes,
847 1928 952 2006 quibus
974 1929 1070 1989 editor
1091 1927 1247 2007 Lipsiensis
1315 1917 1318 1924 ¹

142 2056 222 2096 stram
249 2038 353 2115 cuique
381 2036 497 2110 sedem,
529 2044 557 2093 ut
586 2036 641 2112 ipsi
664 2035 756 2092 uisum
778 2044 823 2093 est
845 2037 1051 2111 certissimam,
1076 2035 1246 2111 adsignauit,

142 2144 225 2220 nint,
254 2144 388 2221 quoniam
416 2143 443 2200 iu
465 2140 639 2199 Antiochino
668 2157 785 2217 quoqne
815 2139 896 2200 bello
917 2138 1056 2217 (ri.le
1079 2141 1116 2205 fr.
1137 2137 1246 2219 l-tv)

143 2268 191 2308 res
216 2252 287 2309 mari
310 2259 340 2309 et
362 2249 483 2309 nauibus
505 2256 588 2325 gesta
611 2255 672 2320 est,
699 2265 736 2305 ne
758 2244 817 2305 boe
839 2247 956 2324 quidem
979 2248 1076 2307 euiuei
1096 2264 1188 2326 posse
1208 2247 1246 2305 ui·

142 2357 226 2416 detur
248 2358 362 2415 omnino
385 2357 413 2414 in
436 2356 543 2414 Punico
566 2353 647 2413 bello
667 2353 763 2412 locum
782 2352 929 2412 habuisse.

228 2462 320 2521 Porro
351 2463 386 2521 ir.
406 2461 473 2521 Xl'l
506 2470 535 2521 et
562 2460 657 2520 xt'll:
688 2464 806 2535 sortibus
837 2470 878 2519 est
901 2463 1016 2536 fortuma
1044 2462 1111 2517 datu
1139 2466 1170 2517 et
1194 2477 1247 2516 nun

140 2586 250 2642 semper
278 2578 373 2628 rrostrn
403 2580 521 2630 auertet:
549 2587 624 2627 rrrtrm
651 2569 779 2642 Iuppiter
804 2570 859 2625 hnc
885 2578 940 2626 stat
960 2565 1029 2625 mibi
1049 2566 1112 2625 uisa
1134 2573 1199 2624 suut
1221 2563 1247 2621 in

141 2673 223 2732 ducis
245 2673 367 2734 alieuius
390 2674 591 2735 cohortatione
609 2673 645 2732 ad
668 2673 841 2750 perterritos
862 2672 969 2731 milites
991 2669 1088 2730 lrubita
1108 2669 1178 2729 olim
1198 2686 1246 2729 eo·

141 2779 282 2840 haesisse.
328 2782 438 2859 Hugius
472 2779 588 2859 quidem
619 2778 796 2855 propensior
825 2786 870 2836 est
890 2775 926 2836 ed
958 2776 1135 2836 eredendum
1163 2786 1192 2837 et
1213 2778 1245 2840 ir.

141 2884 223 2945 XVII
245 2896 275 2947 et
296 2887 367 2948 boe:
395 2892 448 2946 luen
464 2893 593 2961 quianam
609 2888 687 2942 dietis
709 2889 810 2942 nastris
826 2889 957 2942 sententia
970 2888 1050 2957 flexa
1061 2894 1103 2942 est
1120 2880 1245 2959 (xvttl)

142 2992 298 3053 edeorum
325 2993 450 3072 quodam
481 3008 623 3050 consessu
652 2988 822 3066 deprompta
854 3005 941 3062 esse,
975 2986 1091 3047 scilieet
1115 2988 1245 3065 Vergilio

144 3099 281 3176 confisus,
299 3100 348 3177 qui
362 3100 437 3158 Aen.
452 3097 511 3158 X6
526 3096 563 3155 ab
576 3095 669 3155 Ennio
686 3095 817 3154 colorem
833 3102 976 3153 mutuatus
995 3093 1024 3151 in
1042 3093 1164 3152 deorum
1180 3110 1246 3152 oon·

141 3222 225 3264 sessu
238 3212 368 3282 priunum
381 3206 420 3265 ait
439 3209 571 3264 sententian
584 3207 662 3262 anobis
680 3205 768 3261 Versu
782 3209 877 3259 retro!
905 3199 968 3272 Qua
983 3218 1015 3258 re
1030 3199 1141 3275 Hugius
1154 3198 1244 3260 Ennio

141 3309 202 3368 uult
220 3315 322 3369 uostris
345 3314 422 3368 dictis
443 3310 571 3384 restitui,
596 3310 624 3366 in
648 3326 712 3366 eum
735 3324 850 3364 sensum
870 3314 900 3363 ut
920 3313 966 3364 est
989 3305 1065 3383 upud
1086 3305 1245 3383 Vergilium

140 3417 226 3473 rioms.
278 3413 337 3471 Sed
359 3413 417 3472 boe
439 3432 503 3472 eum
522 3413 607 3473 ualde
623 3412 750 3471 dubitem
768 3430 834 3469 num
858 3418 940 3469 reete
958 3410 1071 3471 diontur
1085 3417 1164 3471 dieas
1183 3431 1244 3471 uos·

141 3523 191 3574 tris
213 3516 248 3590 (i.
266 3534 292 3574 e.
309 3519 400 3595 unns)
423 3524 556 3576 sententia
576 3524 655 3592 flexu
673 3527 728 3589 est,
755 3525 812 3574 tum
834 3518 862 3575 in
881 3515 965 3576 Ennii
988 3518 1115 3577 carmine
1136 3526 1244 3579 resten-

140 3621 230 3679 rando
263 3629 347 3679 caute
375 3620 536 3696 Vergilium
570 3623 653 3700 sequi
685 3631 823 3701 praestat.
879 3622 1056 3701 Quemquam
1085 3623 1244 3684 editoribus

140 3726 227 3783 nolim
250 3726 384 3803 equidem
407 3726 574 3806 astipulari,
609 3746 674 3787 eum
697 3747 812 3787 uersum
831 3728 937 3806 lleguli
960 3747 1028 3789 esse
1050 3729 1243 3807 opinantibus,

141 3847 199 3909 quo
220 3830 271 3888 ille
291 3828 438 3889 Romanos
461 3832 497 3890 de
521 3837 671 3893 tormentis
694 3853 769 3912 quae
792 3835 885 3913 ipsum
908 3836 935 3893 in
957 3834 1085 3894 dirioem
1108 3833 1244 3894 reduoem

140 3943 289 3995 manerent
319 3946 514 4012 paueseentes
545 3939 776 4018 oompellauerit.
822 3941 925 4000 Altero
947 3949 1058 4014 autem,
1088 3939 1167 4016 quod
1189 3937 1243 3999 Eu·

140 4043 204 4100 nius
227 4042 311 4115 dicit,
332 4062 407 4100 nunc
427 4045 554 4119 Iuppiter
574 4049 629 4103 bae
648 4055 715 4118 stat,
737 4045 813 4121 apud
835 4043 996 4121 Vergilium
1019 4044 1095 4103 Aen.
1113 4042 1243 4104 xt1565

138 4149 258 4207 Aeneas
285 4146 331 4205 eui
359 4150 493 4221 genetrix
521 4166 627 4208 reeens
656 4150 778 4208 animum
801 4150 957 4224 iniecerat,
987 4148 1087 4208 soeios
1110 4149 1244 4209 eohorte-

138 4260 218 4312 turus
239 4252 336 4311 utitur.
