2834 4988
525 422 769 492 RELIQVIAE

626 592 672 662 XI

195 707 311 797 Aegro
332 709 432 778 eorde
453 710 556 779 cornis
577 711 703 802 sparsis
724 712 833 802 passis
852 711 929 782 latu'
947 711 1064 806 paImis

196 811 327 881 Acriter

618 915 677 986 XII

197 1085 204 1099 .
232 1030 368 1122 pinsunt
390 1036 509 1103 terram
529 1035 677 1126 genibus

610 1186 684 1257 XIII

108 1309 169 1370 355
196 1301 237 1369 Et
255 1300 351 1370 simul
373 1302 503 1372 enlbuit
519 1326 580 1373 eeu
603 1305 687 1374 lacte
707 1310 740 1373 et
761 1327 909 1395 purpura
930 1306 1041 1374 mixta.

320 1624 328 1639 .
381 1592 500 1641 cursus
523 1573 724 1666 quingentos
747 1596 848 1665 saepe
871 1575 975 1644 ueruti

616 1725 682 1794 XV

194 1843 341 1911 Incertus
368 1842 409 1910 de
437 1841 538 1910 uerbo
566 1850 607 1912 29
641 1842 751 1929 (Anat.
773 1843 915 1912 Vindob.
939 1867 970 1933 p.
992 1839 1063 1931 1'62)
1095 1842 1203 1912 ‘aiio

92 1946 195 2014 fiere
222 1967 299 2015 esse
324 1944 475 2029 deberet,
503 1945 563 2014 sed
584 1944 658 2015 lieet
685 1968 768 2015 usus
795 1946 889 2015 aliter
913 1946 1090 2037 optinuerit
1116 1946 1203 2034 (fieri

93 2050 178 2118 enim
201 2071 288 2118 nune
318 2048 465 2140 dicitur),
496 2048 623 2118 Ennius
650 2053 760 2119 tamen
784 2050 817 2119 in
848 2050 880 2118 X
904 2048 1070 2119 annalium
1098 2050 1203 2118 fiere

93 2153 188 2237 dixit,
212 2175 280 2222 non
299 2151 412 2221 fieri’·

530 2351 688 2433 LIBER
718 2351 763 2433 XI

622 2559 667 2631 μ

195 2692 325 2785 Quippe
349 2693 458 2763 soient
480 2718 580 2789 reges
601 2719 716 2767 omnes
737 2696 770 2765 in
790 2696 890 2765 rebus
913 2693 1069 2765 secundis

127 2898 161 2947 XI
181 2896 278 2947 Nonius
294 2912 320 2962 p.
337 2894 397 2957 ³70,
412 2897 446 2947 22
467 2900 612 2962 ‘pessum
630 2906 777 2959 extensum,
790 2905 881 2965 patens
964 2897 1061 2946 Ennius
1075 2894 1203 2945 annalium

93 2968 137 3017 Iib.
152 2967 190 3017 X:
211 2968 301 3033 aegro’
319 2983 341 3015 e.
357 2982 382 3029 q.
398 2982 419 3015 s.
439 2968 562 3032 ‘passis
583 2969 618 3017 ait
638 2969 772 3034 palmis,
797 2968 942 3034 putentibus
958 2975 982 3017 et
1001 2966 1132 3016 extensis!

92 3038 137 3087 XII
150 3037 288 3087 Diomedes
303 3039 311 3085 I
325 3051 352 3102 p.
369 3036 420 3087 370
433 3037 461 3085 Ρ.
478 3037 562 3102 ‘apud
575 3046 674 3087 ueteres
693 3040 836 3103 reperimus
849 3039 925 3087 etiam
938 3052 954 3085 n
969 3036 1076 3085 litterum
1090 3034 1203 3084 additam

93 3109 188 3174 pinso
203 3108 270 3170 quod
284 3113 323 3156 est
335 3106 413 3156 tundo
427 3115 451 3155 et
463 3108 544 3171 pinsit
556 3109 695 3158 secundum
709 3110 810 3158 tertium
826 3108 941 3157 ordinem
953 3114 980 3154 ut
993 3106 1090 3154 Ennius
1105 3104 1203 3154 decimo

93 3178 222 3227 annalium
242 3177 292 3225 ...'
317 3176 480 3241 (ordinem
495 3176 527 3226 id
543 3186 577 3225 ut
589 3180 697 3227 leuius
715 3178 772 3227 Pur.
787 3174 816 3241 a)
885 3175 943 3224 XIII
960 3175 1057 3225 Nonius
1072 3190 1099 3239 p.
1111 3171 1203 3232 483,2

94 3248 193 3296 ‘lacte
211 3247 369 3296 nominatiuo
392 3261 452 3295 cusu
471 3246 503 3295 ub
521 3262 551 3296 eo
574 3247 643 3310 quod
662 3254 700 3297 est
718 3248 757 3296 Ian
773 3247 871 3303 Ennius
891 3245 934 3294 Iib.
955 3245 979 3295 X
1000 3245 1055 3293 ...’
1082 3243 1159 3309 (lib.
1179 3242 1204 3291 X

28 3356 31 3363 ,
94 3316 182 3366 Bemb.
208 3316 264 3365 Iib.
281 3316 317 3365 XI
337 3313 429 3377 ceteri)
499 3316 561 3365 XIV
579 3318 668 3367 Festus
689 3332 715 3382 p.
731 3316 781 3368 375
799 3316 832 3366 M.
859 3320 985 3366 ‘uerutis
1004 3314 1058 3380 pila
1075 3313 1202 3371 dicuntur,

93 3385 162 3450 qudd
182 3384 272 3450 [ueluti
284 3385 382 3449 neruta]
401 3385 511 3435 habeant
524 3386 647 3452 praefixa.
669 3388 765 3436 Ennius
783 3386 810 3435 li.
822 3385 862 3435 X:
966 3385 1091 3434 cursus·
1107 3400 1129 3433 e.
1144 3399 1168 3447 q.
1180 3390 1201 3432 s.

93 3457 225 3506 Lucretius
245 3456 280 3505 IV
297 3454 350 3507 409
370 3459 449 3519 ‘ques
465 3457 513 3505 tibi
530 3466 584 3507 tum
603 3472 682 3523 supra
698 3457 737 3506 sol
755 3457 849 3506 montis
867 3471 924 3507 esse
941 3456 1044 3505 uidetur
1057 3454 1204 3505 Comminus

93 3528 149 3592 ipse
162 3540 209 3575 suo
223 3527 373 3592 contingens
390 3525 507 3576 feruidus
522 3528 591 3594 igni,
613 3529 665 3577 Vix
679 3528 771 3576 absunt
784 3527 857 3576 nubis
875 3526 969 3576 missus
983 3526 1023 3574 bis
1036 3525 1107 3574 mille
1124 3525 1204 3590 sugit-

93 3604 148 3657 ise,
168 3596 230 3644 Vix
244 3597 340 3645 etism
354 3610 469 3644 cursus
484 3599 682 3664 quingentos
696 3597 928 3663 saepeueruti.'

127 3699 214 3748 Lmen
230 3698 266 3748 XI
300 3698 419 3748 II'estus
437 3714 464 3764 p.
479 3701 530 3750 257
543 3701 577 3750 Μ.
603 3701 739 3766 ‘quippe
758 3699 904 3766 significare
920 3699 1035 3762 quidni’
1062 3697 1203 3765 (quodni

98 3826 297 3845 .,.--...-

92 3912 234 3962 uorsatam
264 3907 320 3960 iam
348 3920 525 3961 summouere
553 3906 710 3960 columnam
726 3903 851 3977 Scaliper
869 3902 948 3975 apud
959 3900 1098 3957 Merulam

90 3997 144 4051 352
160 3991 249 4047 cornis
265 3991 373 4062 sparsis
390 3991 418 4046 J.
436 3991 620 4064 Bernuysius.
642 3991 747 4058 cornis,
769 4007 821 4046 om.
843 3990 966 4060 sparsis,
988 3987 1053 4042 libri
1106 4002 1109 4007 ·
1137 3981 1202 4040 Ialu'

90 4076 119 4131 J.
141 4077 326 4149 Bemuysius.
355 4077 408 4130 late
437 4076 501 4130 libri
603 4080 656 4134 353
676 4077 788 4144 uenter]
809 4081 889 4146 pater
909 4073 981 4129 libri.
1009 4090 1035 4127 a.
1059 4090 1084 4126 c.
1106 4086 1203 4125 comas

92 4162 187 4233 passis
202 4161 303 4231 patmis
317 4162 474 4216 lacerantes
489 4159 610 4217 Merula.
632 4178 659 4215 a.
684 4159 713 4215 C.
738 4162 827 4216 comis
849 4162 903 4215 late
925 4159 1019 4230 passis
1046 4157 1202 4228 palmisque

91 4252 242 4317 precantur
266 4244 464 4318 H.1lber9ius
489 4251 516 4300 el
537 4245 588 4301 Tlr.
612 4244 722 4318 Hupius
826 4250 878 4305 355
902 4250 930 4298 et
952 4244 1035 4298 simul
1058 4240 1204 4296 Gulielmus

91 4330 186 4391 Puni.
201 4330 281 4405 (lapi.
294 4337 322 4391 5.
337 4333 395 4387 essi
414 4330 514 4389 mulier
527 4331 626 4389 Bamb.
648 4347 679 4387 es
695 4332 719 4386 si
734 4333 833 4387 mulier
847 4329 933 4384 celeri
