2834 4988
568 420 809 491 aanrovraa

663 588 706 658 ΠΙ

237 709 374 780 Pellitur
392 733 411 781 e
431 709 539 780 medio
562 708 739 799 sapientia,
765 709 798 777 ui
822 707 950 798 geritur
970 731 1036 794 res,

238 814 411 905 Spernitur
429 817 541 884 orator
560 812 684 898 bonus,
712 812 866 882 horridus
890 813 983 882 miles
1004 819 1141 884 amatur.

236 919 324 988 Haut
342 917 447 987 doctis
468 917 561 986 dictis
583 919 748 987 certantes
767 917 827 987 sed
846 917 1026 987 maledictis

147 1031 209 1092 275
236 1021 373 1090 Miscent
391 1021 475 1090 inter
492 1042 569 1090 sese
591 1018 788 1089 inimicitiam
809 1019 983 1112 agitantes.

235 1127 309 1194 Non
328 1148 371 1194 ex
392 1124 462 1194 iure
480 1145 612 1193 manum
630 1125 821 1195 'consertum
841 1123 901 1193 sed
924 1122 1029 1215 magi'
1052 1124 1141 1203 ferro

237 1227 319 1299 Rem
339 1230 491 1320 repetunt
509 1249 717 1322 regnumque
739 1231 871 1319 petunt,
901 1227 1028 1297 uadunt
1050 1225 1218 1297 solidani.

648 1341 726 1413 lV*

233 1462 336 1532 Poeni
358 1484 440 1533 suos
461 1460 549 1533 soliti
567 1461 619 1532 dis
639 1462 827 1534 sacrificare
848 1461 988 1554 puellus.

133 1679 182 1713 non
203 1664 319 1714 inuenies
331 1666 421 1723 eadem
441 1665 556 1715 membra
571 1679 636 1727 quae
650 1672 709 1715 sunt
722 1667 748 1715 in
761 1666 883 1715 Ennianis
896 1665 1014 1714 uersibus
1030 1663 1073 1726 qui
1088 1676 1181 1728 magno
1195 1663 1245 1711 sei-

134 1735 192 1784 licet
205 1735 297 1799 spiritu
311 1742 335 1783 et
348 1735 434 1784 uerbis
448 1734 582 1785 altioribus
600 1736 735 1800 compositi
756 1744 829 1797 sunt,
855 1735 925 1785 uelut
941 1734 969 1784 hi
989 1740 1060 1784 sunt:
1092 1733 1243 1796 postquam·

132 1822 155 1853 e.
176 1820 200 1866 q.
222 1820 243 1852 s.
279 1805 345 1853 Acro
367 1805 430 1854 ibid.
458 1808 612 1870 ‘postquam
632 1805 810 1871 refregit:
834 1805 898 1855 haee
911 1805 986 1854 Ennii
1005 1803 1083 1853 uerba
1097 1802 1173 1850 sunt)

132 1876 165 1923 ΙΙΙ
187 1873 285 1923 (icilius
297 1873 347 1923 XX
364 1874 397 1925 10
417 1877 470 1923 ‘ex
491 1876 562 1924 iure
582 1889 707 1924 manum
726 1883 962 1925 consertum—
985 1890 1017 1923 cx
1030 1872 1112 1922 Ennio
1131 1886 1192 1937 ergo
1206 1873 1243 1920 in-

132 1960 207 2006 quam
228 1954 266 1992 est
284 1945 406 2010 magister
427 1945 496 2007 quod
515 1959 622 2007 quaero:
650 1945 747 1996 Ennius
767 1946 835 1995 enim
853 1944 941 1994 uerbis
960 1943 1031 1994 hisce
1049 1957 1110 1991 usus
1129 1950 1167 1991 est

131 2023 183 2063 tum
206 2028 254 2078 ego
278 2014 324 2062 lros
344 2029 434 2063 uersus
453 2029 485 2064 ex
508 2022 597 2063 octauo
612 2015 697 2063 annali
719 2016 837 2065 absentes
860 2014 931 2064 dixi:
962 2028 1020 2063 narn
1039 2011 1103 2061 torta
1120 2026 1164 2061 eos
1180 2018 1243 2062 tam-

132 2099 208 2146 quam
229 2083 363 2148 insigniter
384 2092 485 2149 praeter
504 2084 569 2133 alios
591 2083 671 2133 tactos
687 2086 865 2135 memineram:
891 2083 1007 2149 pellitur'
1027 2098 1049 2131 e.
1069 2097 1094 2144 q.
1114 2097 1135 2130 s.
1169 2083 1243 2129 ‘cum

131 2154 179 2202 bos
198 2168 289 2202 uersus
302 2154 431 2204 Ennianos
445 2153 585 2203 dixissem’
611 2169 633 2203 e.
649 2170 674 2216 q.
689 2171 710 2203 s.
740 2155 886 2204 Lactantius
906 2154 965 2202 Diu.
981 2154 1042 2202 inst.
1057 2152 1081 2201 V
1101 2167 1123 2200 e.
1139 2150 1153 2200 l
1175 2149 1244 2200 ‘dis-

131 2223 274 2288 ceptatione
295 2223 397 2273 sublata
414 2224 613 2290 pellitur
631 2239 698 2284 res,
717 2233 745 2274 ut
763 2226 798 2275 ait
811 2224 927 2274 Ennius!
959 2222 1047 2272 Cicero
1062 2221 1095 2270 ad
1116 2219 1177 2270 lam.
1194 2221 1243 2271 Vll

132 2292 173 2352 13,
189 2294 205 2344 2
225 2296 338 2342 ‘tautum
353 2301 452 2352 metuo,
471 2309 502 2342 ne
515 2292 648 2342 artificium
662 2300 732 2343 tuum
745 2295 791 2344 tibi
804 2308 894 2359 parum
907 2293 998 2358 prosit.
1024 2289 1097 2351 Nam,
1116 2298 1144 2339 ut
1155 2290 1242 2349 audio,

130 2362 188 2412 istic
204 2378 270 2412 non
289 2378 327 2413 ex
346 2363 419 2414 iure.
487 2363 661 2429 repetunt.’
693 2364 764 2414 ldem
777 2378 824 2431 pro
837 2362 942 2414 Murena
955 2363 996 2422 14,
1011 2361 1045 2414 30
1068 2361 1191 2419 ‘etenim,
1216 2366 1243 2409 ut

130 2433 165 2481 ait
180 2433 329 2497 ingeniosus
343 2435 419 2498 podta
433 2439 458 2482 et
474 2441 561 2482 auctor
574 2432 651 2483 ualde
663 2433 763 2495 bonus,
793 2433 899 2500 proeliis
913 2431 1081 2498 promulgatis
1101 2430 1242 2497 pellitur

130 2520 144 2551 e
157 2517 204 2552 me
213 2502 266 2552 dio
279 2517 329 2552 non
343 2503 426 2553 solum
442 2503 493 2552 ista
505 2510 591 2552 uestra
605 2502 715 2554 uerbosa
728 2503 857 2554 simulatio
870 2503 1020 2570 prudentiae
1035 2501 1081 2551 sed
1095 2500 1171 2551 ctiam
1185 2500 1244 2567 ipsa

131 2572 389 2622 iliadomiuarerum
403 2573 586 2638 sapientia:
605 2573 776 2639 digeritur
791 2589 853 2623 res.
873 2573 1048 2637 spernitur
1062 2578 1243 2621 oratornon

129 2641 211 2691 solum
234 2642 339 2692 odiosus
360 2643 385 2691 iu
405 2642 513 2692 dicendo
535 2657 565 2692 ae
588 2642 697 2704 loquax,
725 2659 813 2694 uerum
836 2643 912 2693 etiarn
939 2642 1060 2692 bonus:
1087 2639 1242 2691 horridus

129 2711 379 2761 milesamatur.
409 2713 601 2763 Vestrumuero
614 2712 726 2763 studium
739 2722 818 2763 totum
835 2712 928 2763 iacet:’
949 2711 1128 2778 (bonus...
1153 2710 1242 2760 iacet

128 2796 178 2831 om.
203 2779 325 2845 Helmst.)
358 2785 440 2832 ‘nen
459 2797 498 2832 ax
518 2782 589 2832 inre
607 2797 734 2832 manum
754 2789 944 2841 consertum
970 2780 1028 2831 sed
1051 2780 1137 2830 terro
1160 2779 1243 2843 inquit

130 2852 397 2916 remrepetunt.'
467 2852 503 2901 1v
521 2852 611 2902 Festus
626 2867 652 2917 p.
667 2850 719 2902 249
733 2853 766 2902 Μ.
797 2851 919 2919 ‘puelli
940 2866 986 2916 per
1007 2850 1242 2901 deminutionema

130 2921 217 2986 pueris
235 2920 297 2970 dieti
316 2928 383 2974 sunt.
409 2923 496 2985 itaque
514 2928 539 2971 et
559 2921 656 2972 Ennius
676 2922 724 2972 ait:
744 2923 838 2973 Poeni'
863 2937 886 2972 e.
901 2937 925 2984 q.
942 2936 964 2971 s.
997 2919 1091 2970 Paulus
1103 2935 1130 2986 p.
1142 2918 1194 2970 248
1206 2918 1240 2970 Μ.

126 3045 335 3057 -ι-

167 3111 221 3168 171
241 3109 344 3165 tollitur
360 3106 472 3180 Loqom.
482 3108 622 3181 plerique.
654 3111 795 3182 repellitur
810 3109 924 3183 Lopom.
939 3113 966 3168 9.
990 3111 1109 3167 bellatur
1123 3107 1240 3164 Helmat.

121 3211 178 3266 pro
191 3192 269 3249 Mur.
356 3193 475 3265 sapienti
506 3192 582 3249 Voss.
600 3192 678 3250 Gellii
761 3196 789 3250 ui
810 3195 915 3268 geritur
933 3209 997 3250 res:
1022 3195 1174 3266 spernitur]
1196 3194 1240 3249 ui-

127 3279 187 3350 geri
203 3285 293 3333 turres
309 3279 451 3351 spernitur
466 3277 554 3350 Lepci.
572 3276 651 3334 Gellii
684 3279 795 3335 uidetur
809 3281 950 3352 respuitur
960 3297 1017 3351 pro
1030 3279 1108 3335 Mur.
1124 3276 1238 3333 Helotat.

126 3364 191 3435 aliq.
212 3363 291 3418 codd.
312 3364 427 3435 Lupom.
458 3362 568 3419 uidetur
588 3365 683 3435 respui
710 3366 851 3443 spernitur
878 3363 1241 3421 &tentamentum

33 3448 36 3453 '
127 3449 252 3519 resperni
264 3449 323 3505 stoa
334 3448 444 3504 uidetur
455 3446 489 3501 R.
502 3465 530 3518 p.
544 3448 683 3518 spernitur
695 3451 780 3505 comta·
789 3450 868 3505 codd.
882 3448 995 3521 Lepore.
1087 3451 1140 3508 273
1156 3451 1241 3503 a'ma-

125 3538 168 3588 tur
190 3532 288 3589 Petra.
316 3527 383 3589 aurii
409 3532 498 3606 Lepti.
522 3532 600 3588 Gellii
703 3536 757 3594 att
785 3535 864 3617 haut.
881 3535 951 3609 Rop.
978 3532 1067 3606 bttqd.
1093 3533 1170 3589 haud
1195 3548 1240 3589 ee-

127 3640 179 3693 teri
263 3638 316 3694 sed
338 3638 477 3696 Columna.
500 3654 553 3693 nec
575 3637 638 3694 libri
652 3641 707 3696 nisi
719 3641 794 3712 quod
821 3622 840 3696 ri
868 3640 957 3714 Lepti.
1068 3642 1122 3698 275
1151 3640 1240 3695 inimi-

126 3723 218 3777 citiam
239 3723 312 3778 libri.
343 3723 501 3778 inimieitias
522 3723 603 3796 cubo
710 3727 820 3785 albex
834 3742 879 3780 me
900 3727 960 3780 iure
981 3724 1069 3798 Lepti.
1155 3741 1240 3781 manu

126 3807 205 3863 Gellii
223 3807 294 3880 ch.
317 3808 395 3864 Voss.
419 3806 508 3880 Lapat.
529 3806 659 3881 Mapliob.
680 3825 738 3882 pro
756 3809 834 3866 Mur.
859 3809 959 3866 Salisb.
981 3810 1094 3882 Lopom.
1119 3814 1153 3869 65

124 3891 231 3946 Eodem
251 3894 321 3948 ieris
337 3892 462 3964 formula
483 3898 596 3949 moratur
617 3893 710 3951 Varro
729 3894 764 3950 de
777 3894 811 3951 L.
823 3893 858 3949 L.
887 3893 929 3951 VI
942 3900 976 3955 64
1002 3894 1044 3951 M.
1066 3895 1161 3952 Cicero
1180 3909 1238 3966 pro

123 3974 201 4031 Mur.
216 3982 260 4046 ta,
277 3980 320 4036 26.
342 3976 376 4032 de
390 3982 461 4032 orat.
477 3973 496 4031 Ι
508 3983 551 4044 10,
562 3983 596 4036 41
616 3978 693 4035 libra
713 3980 741 4034 in
755 3995 869 4035 manum
888 3985 914 4036 et
928 3996 1013 4035 manu
1027 3979 1129 4052 soranis
1144 3978 1238 4034 diuer-

121 4059 244 4130 peatibus
329 4062 421 4133 magis
444 4062 517 4116 terro
537 4061 612 4118 Mea.
636 4063 675 4118 ad
695 4062 767 4135 sam.
799 4064 890 4136 magis
911 4081 1005 4120 errore
1027 4063 1091 4119 libri
1112 4062 1236 4118 Gelliani.

124 4145 214 4216 magis
238 4161 289 4200 om.
316 4145 371 4203 cie.
389 4162 448 4219 pro
469 4142 546 4202 Mor.
650 4149 701 4206 att
732 4149 772 4203 rei
794 4153 922 4219 repetunt
944 4149 1023 4205 Gellii
1042 4148 1121 4204 Voss.
1137 4145 1236 4201 Petou.

122 4226 254 4300 Mopliab.
283 4231 422 4301 reipetunt
439 4229 509 4302 Rep.
526 4228 614 4301 capa
631 4231 709 4287 Getta
794 4232 914 4288 solidani
941 4233 1020 4289 Voss.
1032 4231 1131 4286 Petau.
1154 4231 1237 4284 solita

123 4313 217 4368 iueum
229 4311 318 4388 Lupd.
341 4315 424 4371 solita
436 4314 530 4371 uicum
545 4311 616 4388 aeq.
632 4316 696 4372 uide
708 4331 798 4391 supro
903 4319 957 4377 178
976 4316 1062 4372 Poeni
1078 4330 1146 4372 suos
1161 4313 1236 4370 soliti
