2834 4988
644 398 876 456 ANNALIVM

684 568 716 639 L
781 569 842 639 XII

237 698 240 703 '
311 683 517 779 Contempsit
539 688 650 763 Ionias
668 569 781 781 quiid}
799 710 876 759 sese
897 687 1009 782 erugii
1026 707 1136 782 aquae
1155 687 1218 759 niS.

681 824 848 897 LXXXIII

310 928 438 1003 Interea
456 928 543 1025 rugo
564 927 659 999 albus
681 929 776 1000 iubar
797 928 1000 1023 Hyperionis
1024 952 1167 1002 cursurn.

674 1047 848 1120 LXXXIV

308 1154 387 1224 Inde
404 1153 559 1246 patefecit
576 1153 677 1223 radiis
694 1157 767 1224 rota
787 1155 927 1225 candida
948 1154 1085 1225 caelum.

684 1269 845 1342 LXXXV

308 1375 381 1444 Hos
401 1376 505 1466 pesIIs
523 1377 648 1462 necuii,
677 1398 756 1467 pars
775 1377 892 1447 occidit
910 1377 966 1447 iila
982 1377 1112 1507 duellis

673 1493 846 1565 LXXXVI
1155 1570 1157 1574 .

179 1704 181 1709 Ι
218 1606 280 1666 550
309 1596 376 1668 Vix
395 1599 536 1669 solidum
557 1598 724 1691 complere
745 1598 864 1670 cohunr
885 1597 1067 1668 terroribus
1088 1597 1169 1667 caeli

667 1736 855 1809 LXXXVII

209 1928 212 1936 Ι
309 1837 432 1910 Omnes
454 1840 611 1911 mortales
634 1863 710 1911 sese
733 1841 897 1912 laudarier
919 1843 1044 1932 optant.

662 1978 863 2067 LXXXVIII

309 2078 391 2150 Cum
410 2078 597 2172 legionibus
616 2104 717 2177 quom
734 2081 957 2175 proficiscitur
979 2078 1195 2170 iuduperator

204 2281 266 2346 quc'
298 2299 321 2332 c.
347 2299 371 2346 q.
396 2299 418 2332 s.
490 2283 610 2335 LXXXII
636 2288 750 2338 Incertus
780 2287 812 2338 de
832 2285 912 2337 uerbo
940 2282 1036 2352 (Anal.
1060 2280 1173 2331 Vindob.
1196 2296 1223 2347 p.
1253 2277 1323 2345 173)

205 2355 386 2403 ‘cructom
404 2361 443 2403 est
463 2367 480 2402 a
499 2355 577 2405 uerbo
601 2359 717 2424 crugit.
750 2356 917 2407 Ennius...'
946 2353 1091 2404 Macrobius
1110 2350 1320 2403 damnosae.

204 2423 294 2473 Gracci
307 2432 331 2473 ct
341 2423 398 2473 Lat.
413 2423 485 2473 uerbi
499 2426 530 2475 21
548 2426 572 2492 (1
586 2442 612 2492 p.
626 2429 678 2480 270
691 2425 765 2492 Jau.)
790 2430 901 2478 ‘eructat
922 2424 1137 2488 frequentatiuum
1156 2430 1195 2472 cst
1214 2418 1232 2470 α’
1249 2422 1322 2488 prin-

205 2493 285 2559 cipali
312 2495 419 2560 erugit
446 2509 548 2559 aquac
573 2498 640 2546 uis!
665 2498 804 2564 (crugit.
829 2497 967 2547 Ennius:
998 2508 1055 2545 eru
1081 2493 1108 2544 it
1133 2506 1241 2561 oquae¹
1266 2491 1322 2563 uls

202 2563 327 2623 Zeuuius,
349 2565 442 2625 Ianus,
466 2565 516 2617 uIsi
531 2565 600 2629 quod
620 2567 663 2618 hic
679 2568 848 2633 excrugit:
860 2567 945 2619 immo
964 2570 1046 2615 toturn
1091 2560 1196 2613 acrobio
1215 2564 1322 2621 ιιόηιιιιι,

203 2634 335 2683 restituere
351 2632 491 2700 debebant)
560 2636 695 2688 LXXXIII
713 2638 860 2689 Priscianus
872 2636 897 2686 V
911 2651 937 2702 p.
947 2632 1000 2686 658
1011 2634 1040 2685 P.
1054 2630 1081 2701 (I
1092 2646 1121 2701 p.
1130 2628 1182 2685 lto
1191 2628 1240 2699 K.)
1257 2631 1326 2687 Ἱππ

203 2705 260 2753 bar
280 2712 445 2768 quoquotum
462 2708 631 2757 masculinum
645 2722 722 2772 quam
735 2714 852 2758 neutrum
865 2704 1039 2773 proferebant.
1068 2700 1207 2763 111111111ιῇ
1219 2700 1322 2759 muu-
1377 2710 1386 2735 '-

203 2773 252 2823 bus
267 2775 319 2823 ...’
389 2774 524 2827 LXXXIV
542 2778 656 2828 Isidorus
669 2777 739 2844 Orig.
756 2777 842 2829 XVIII
857 2776 891 2831 36
915 2775 988 2826 ‘ideo
1002 2782 1087 2839 antem
1101 2770 1166 2825 rotis
1179 2768 1321 2854 quadriqi!

203 2859 304 2895 currere
323 2843 411 2895 dicunt
428 2847 484 2896 siue
502 2849 563 2912 quia
580 2847 690 2898 mundus
706 2849 755 2898 iste
772 2847 860 2899 circuli
875 2848 916 2897 sui
934 2843 1064 2896 celeritate
1078 2843 1243 2904 transumit,
1262 2852 1322 2909 snus

202 2922 308 2981 propter
320 2915 400 2967 solem
415 2918 475 2981 quia
494 2918 603 2969 uolubili
617 2919 715 2969 ambitu
732 2926 812 2980 rotat,
836 2919 902 2968 sicut
921 2917 957 2966 ait
975 2915 1073 2965 Ennius
1084 2914 1138 2965 ...’
1171 2910 1280 2965 Saulus
1290 2910 1323 2979 In

202 2986 267 3036 Aen.
283 2985 320 3035 VI
335 2985 386 3039 748
413 2989 530 3038 ‘rotam
544 2989 649 3040 uoluere
669 3004 716 3056 per
736 3003 832 3039 annos:
858 2993 998 3053 exegerunt
1014 2990 1137 3035 statutum
1152 2990 1256 3049 tempus
1272 2992 1323 3049 per

202 3069 325 3106 annorum
341 3056 536 3109 uolubilitatem.
568 3060 613 3109 Est
626 3058 912 3110 autcmscrmoEnnii.’
982 3051 1105 3106 LXXXV
1122 3050 1270 3105 Priscianus
1283 3050 1321 3102 IX

202 3141 228 3193 p.
245 3125 295 3178 881
317 3127 344 3176 P.
368 3127 394 3193 (1
412 3142 438 3194 p.
453 3126 505 3180 453
522 3126 568 3195 Κ.)
590 3130 710 3196 ‘proprie
726 3137 830 3180 necatus
851 3128 934 3187 icrro,
958 3133 1046 3176 nectus
1063 3138 1125 3174 uero
1144 3122 1242 3173 alicui
1260 3136 1321 3188 per-

202 3205 302 3264 emptus
322 3196 423 3247 dicitur.
455 3199 553 3249 Ennius
568 3200 623 3248 ...’
694 3198 829 3250 LXXXVI
848 3199 963 3249 Isidorus
983 3195 1015 3247 de
1034 3202 1125 3245 natura
1143 3208 1228 3244 rerum
1248 3207 1272 3242 c.
1287 3190 1321 3243 ta

203 3270 304 3333 ‘partes
325 3275 408 3318 autem
428 3270 497 3319 eius’
521 3268 634 3335 (caelum
648 3267 724 3339 dicit)
746 3269 842 3320 ‘chous
862 3268 919 3318 axis
938 3266 1055 3317 cardines
1074 3261 1264 3329 conuexapoii
1283 3262 1320 3313 si-

202 3335 272 3388 dera.
301 3337 385 3388 Circus
404 3338 472 3402 quod
493 3340 592 3390 caelum
611 3339 731 3391 continet.
761 3341 836 3391 Vndc
856 3340 954 3389 Ennius
971 3337 1027 3386 ...’
1097 3333 1245 3385 LXXXVII
1265 3332 1320 3381 Au-

201 3409 319 3472 gustinus
342 3407 374 3458 dc
393 3408 452 3458 trin.
472 3409 572 3461 XIIId
607 3408 690 3461 ‘iliud
717 3408 795 3461 stiam
820 3407 889 3473 quod
915 3413 989 3458 uetus
1018 3407 1095 3472 pocta
1119 3403 1186 3454 dixit
1206 3402 1319 3453 Ennius:

202 3478 304 3526 omncs’
325 3494 347 3527 e.
364 3494 389 3541 q.
404 3494 425 3527 s.
452 3478 580 3544 ‘profecto
596 3486 621 3530 ct
637 3478 670 3530 ds
681 3493 711 3531 sc
725 3479 783 3547 ipso
796 3485 821 3529 ct
839 3479 872 3530 dc
887 3479 919 3529 iis
935 3491 999 3542 quos
1020 3481 1141 3541 expertus
1159 3472 1243 3523 iuerat
1257 3485 1320 3522 cou-

91 3568 94 3574 ,
201 3547 279 3597 iecit!
307 3547 377 3598 idem
392 3563 433 3613 cp.
449 3548 509 3608 231,
525 3549 541 3600 3
560 3553 622 3616 ‘ego
637 3554 723 3601 autem
736 3548 805 3613 quod
819 3550 855 3599 ait
870 3549 980 3599 Ennius:
998 3545 1099 3596 omnes'
1117 3560 1139 3595 e.
1155 3561 1179 3607 q.
1195 3558 1217 3593 s.
1244 3545 1319 3609 ‘par-

200 3617 246 3666 tim
267 3624 328 3683 puto
353 3618 563 3683 approbandum,
594 3619 688 3685 partim
711 3610 871 3670 cauendum)
947 3615 1107 3668 LXXXVIII
1138 3612 1320 3664 Cassiodorius

202 3701 228 3752 p.
242 3686 311 3738 2318
323 3688 350 3737 Ρ.
378 3692 461 3738 ‘curn
476 3690 633 3755 praepositio
648 3702 696 3754 per
713 3688 876 3740 osoribeuda
892 3697 942 3747 est;
961 3702 1039 3750 quum
1053 3685 1204 3735 aduerbium
1217 3690 1320 3748 ternpo—

199 3757 245 3818 ris,
262 3758 330 3822 quod
346 3758 473 3824 significat
487 3759 598 3823 quando,
612 3775 658 3825 per
671 3774 689 3825 q
700 3759 864 3812 scribendum
880 3765 917 3808 est
932 3757 1094 3808 discretionis
1106 3769 1193 3816 causa,
1206 3761 1234 3802 ut
1247 3752 1319 3820 apud

241 3939 293 3996 546
308 3936 408 4008 quibus
423 3939 552 4010 exerugit
565 3937 624 3995 cod.
641 3936 692 3994 scd
706 3954 740 3993 ex
752 3936 838 3995 indus
847 3939 960 4013 panctr's
974 3941 1095 3992 notatum
1187 3930 1239 3995 147
1254 3928 1320 3986 His·

197 4021 322 4092 perIonis
335 4021 424 4095 Laod.
511 4030 564 4084 550
579 4023 700 4081 solidum
712 4021 906 4099 Hiberum.
923 4023 1013 4078 solum
1024 4020 1152 4077 Isidorus
1231 4015 1319 4088 pilam

199 4107 248 4162 uix
270 4106 319 4165 Sol
342 4107 463 4164 mediam
485 4113 626 4184 complere
644 4108 770 4183 Scolt'per
788 4109 828 4166 ad
839 4108 952 4166 Festum
972 4121 996 4163 s.
1010 4125 1039 4164 a.
1056 4103 1165 4162 coitum.
1187 4099 1227 4175 cs.
1247 4100 1320 4157 Tur·

198 4192 284 4250 nebus
294 4193 366 4250 Aua.
384 4194 447 4251 XX
453 4198 488 4255 19
595 4204 645 4258 551
662 4195 771 4253 laudari
822 4199 919 4269 optant
933 4193 996 4250 edd.
1006 4194 1107 4266 priore
1121 4190 1188 4245 loco.
1206 4184 1320 4242 laudari

199 4284 331 4351 exoptant
353 4281 442 4337 altero
548 4289 599 4342 552
630 4299 694 4340 curn
716 4284 741 4338 Ie
775 4280 875 4338 onsstus
897 4296 961 4336 cunr
982 4278 1071 4335 Bern.
1101 4290 1165 4330 curn
1189 4271 1209 4327 I.
1230 4286 1319 4344 quum

196 4365 278 4439 culpo
364 4366 545 4442 induperator
558 4369 650 4444 culpo.
668 4368 676 4424 i
704 4352 710 4379 ¹
726 4374 819 4424 erator
833 4366 905 4422 Par.
921 4365 1009 4421 Bern.
