2834 4988
201 398 284 455 vul·
530 392 534 399 '
633 382 883 444 PRAEFATIO

146 582 157 601 ··
200 552 376 619 adornatus
404 550 542 639 prodiit,
572 570 656 636 quae
686 557 718 615 et
744 548 817 614 aliis
844 547 1030 614 nominibus
1051 547 1199 634 requiras
1220 554 1253 612 et
1275 547 1311 610 in

198 690 301 761 ¹opera
319 669 424 758 qualis
443 670 525 735 haec
544 663 594 761 est
614 667 732 733 acerbe
752 650 945 735 desiderefl
965 667 1029 733 Vel
1045 667 1213 763 Ciceroni,
1231 666 1312 767 'licet

201 789 294 856 multi
318 787 455 855 multum
482 787 594 853 uariae
621 808 718 851 curae
746 785 927 869 attulerint,
954 784 1038 852 illud
1055 785 1219 877 nephodie
1242 787 1312 872 qui-

203 909 277 975 dem
302 909 473 996 quisquam
499 906 675 993 praestitit,
709 904 796 992 quod
824 913 900 970 ante
922 906 1031 970 omnia
1056 903 1119 969 fuit
1145 914 1312 992 praestan-

203 1028 296 1094 dum:
325 1048 387 1092 nec
414 1046 453 1090 eo
478 1024 580 1090 multo
608 1023 724 1089 melius
753 1023 857 1089 habiti
884 1031 960 1088 sunt
983 1045 1001 1089 e
1026 1025 1311 1110 grammaticorum

202 1145 300 1212 turba
315 1145 507 1233 superstites
525 1150 653 1208 tantum
666 1163 733 1207 non
751 1164 873 1208 omnes.
909 1141 976 1209 Sed
991 1165 1103 1209 eorum
1118 1144 1312 1230 scriptorum

201 1286 312 1330 rumor
334 1271 390 1329 aut
411 1264 530 1329 certior
550 1261 639 1328 fama
658 1262 784 1350 parari,
815 1261 928 1349 quales
953 1262 1120 1348 significo,
1152 1263 1311 1328 editiones

71 1465 75 1476 Ι
202 1381 344 1448 ferebat:
373 1404 509 1471 quarum
527 1383 636 1467 dotes,
657 1403 700 1447 ne
721 1382 756 1446 in
777 1380 995 1446 festinationis
1018 1381 1147 1469 culpam
1167 1383 1310 1446 incurre-

202 1523 287 1584 rem,
309 1511 501 1588 exspeotare
512 1502 688 1585 debebam,
712 1500 778 1565 nisi
793 1501 985 1586 contigisset
999 1487 1078 1567 mihi
1090 1523 1186 1566 usum
1202 1522 1312 1566 earum

203 1620 296 1708 quasi
323 1621 513 1708 anticipare.
564 1619 638 1685 Hoc
660 1620 747 1685 onim
775 1619 879 1685 debeo
907 1619 1047 1685 eximiae
1070 1619 1312 1687 beniuolentiae

203 1739 409 1824 egregiorum
428 1740 591 1823 uirorum,
624 1740 681 1828 qui
701 1739 1031 1826 manuscriptorum,
1056 1761 1143 1828 quos
1167 1739 1313 1826 posside·

202 1865 291 1940 rent,
320 1857 491 1924 thesauros
513 1857 692 1930 liberaliter
714 1857 917 1923 recluserunt
937 1857 1017 1922 mihi
1043 1866 1075 1924 et
1093 1859 1203 1924 Ennio
1228 1880 1311 1924 meo.

203 1975 248 2041 Et
268 1976 429 2042 Macrobii
450 1978 582 2066 quidem
604 1976 829 2043 Saturnalibus
854 1985 924 2042 tum
946 1977 1091 2043 nondum
1117 1977 1205 2044 foras
1229 1976 1311 2043 datis

202 2095 406 2162 Lvnovmvs
428 2082 553 2181 Ianua,
583 2103 718 2185 quarum
739 2117 818 2183 usus
841 2095 940 2179 foret,
972 2095 1119 2183 pagellas
1140 2099 1229 2186 typis
1258 2118 1313 2162 ex-

80 2238 86 2257 ¹
201 2235 331 2301 pressas
360 2215 404 2280 ad
430 2238 483 2282 me
510 2217 702 2281 transmisit.
746 2215 799 2280 Ad
831 2216 987 2280 Varronis
1015 2214 1104 2281 locos
1130 2217 1315 2282 Florentini

203 2332 280 2400 libri
300 2334 410 2399 uarias
431 2335 587 2401 lectiones
606 2335 821 2399 Laouianvs
841 2331 1060 2401 sponsumve
1084 2358 1196 2419 ex'ea,
1218 2357 1314 2423 quam

203 2452 309 2522 denuo
330 2450 494 2518 Henricus
508 2453 637 2518 Keilius
658 2453 900 2518 accuratissime
921 2452 1015 2537 fecit,
1037 2454 1220 2520 conlatione
1241 2476 1316 2520 mea

202 2572 310 2656 gratia
337 2574 510 2660 excerpsit.
555 2572 664 2660 Ipsius
691 2578 799 2636 autem
820 2571 942 2636 Kn1n11
970 2575 1116 2639 comitati
1147 2583 1313 2663 acceptam

162 2734 173 2761 s
202 2690 328 2775 refero,
355 2713 454 2778 quam
480 2713 498 2757 e
525 2692 687 2756 minorum
708 2691 1014 2784 ¹grammaticorum,
1047 2691 1204 2777 Charisii,
1234 2693 1314 2759 Dio-

202 2808 323 2892 medis,
361 2809 502 2894 Donati,
540 2810 638 2874 Marii
668 2809 846 2894 Victorini,
888 2810 1104 2895 Cassiodorii,
1145 2812 1314 2894 codicibus

203 2929 383 3015 scripuras
415 2929 666 3016 discrepantiam
701 2929 846 2994 exhibui.
901 2929 1029 2995 Gellius
1060 2939 1093 2996 et
1124 2918 1314 2998 Priscianus

203 3055 357 3134 quantam
386 3057 513 3134 partem
544 3048 645 3114 Ennii
674 3048 885 3136 reliquiarum
914 3050 1098 3134 continent,
1136 3072 1208 3116 eam
1237 3052 1317 3116 mihi

203 3167 352 3232 codicum
374 3167 476 3254 copiis
489 3167 813 3233 ΜΑΒΤΙΝΙΗΕΒΤΖΗ
833 3169 994 3234 instrucre
1016 3168 1118 3234 licuit.
1162 3170 1192 3233 E
1214 3169 1314 3236 Nonii

203 3284 288 3350 libro
310 3284 563 3372 Bambergensi,
594 3289 686 3353 cuius
717 3289 832 3352 mutila
859 3286 957 3352 hodie
985 3288 1128 3354 conditio
1152 3288 1313 3375 plurimos

203 3404 305 3468 Ennii
319 3422 455 3492 quoque
477 3426 593 3470 uersus
615 3405 793 3491 absorpsit,
818 3414 965 3489 tenuem,
996 3428 1093 3494 quam
1114 3407 1157 3472 ad
1179 3408 1315 3474 annales

202 3522 396 3610 praebebat,
424 3523 604 3610 scripturae
631 3524 823 3588 uarietatem
846 3523 980 3591 Oaaoal
1002 3525 1138 3591 Haaun
1167 3526 1317 3613 benigni-

203 3651 270 3708 tate
291 3642 420 3730 accepi:
453 3663 492 3707 eo
514 3663 594 3707 uero
616 3643 759 3728 largiora
782 3652 815 3708 et
836 3643 1058 3731 splendidiora
1078 3647 1121 3711 ad
1146 3646 1316 3712 Ciceronis

204 3761 293 3827 locos
321 3760 468 3826 subsidia
495 3761 641 3826 eiusdem
662 3760 726 3825 uiri
745 3764 1016 3849 praestantissimi
1036 3766 1175 3831 eximiae
1197 3765 1314 3829 libera-

204 3881 289 3946 litati
321 3879 490 3949 debentur.
555 3879 681 3962 Quibus
714 3881 876 3946 Aornum
910 3883 1152 3948 narranaam
1183 3884 1317 3948 accede-

202 4001 260 4067 bat
291 3998 335 4063 ad
365 3999 522 4065 (latonam
552 4001 707 4065 maiorem
741 4009 916 4089 apparatus
948 4001 1158 4068 lautissimus.
1213 4003 1318 4068 Porro

205 4118 413 4204 Ilbergius
441 4119 476 4182 in
489 4125 492 4132 '
505 4118 621 4185 itinere
650 4120 832 4186 Casuellani
860 4121 982 4187 codicis
1011 4120 1118 4187 Seruii
1145 4130 1314 4210 partema

205 4237 350 4325 Bergkio
372 4258 438 4302 non
460 4237 580 4302 editam
601 4240 744 4328 inspexit
764 4240 908 4328 mihique
932 4261 1015 4328 quae
1040 4240 1092 4307 his
1114 4241 1242 4306 laciniis
1273 4241 1316 4307 ad

205 4357 349 4424 Ennium
386 4354 635 4425 continebantur
671 4359 899 4425 commodarit.
955 4359 1107 4449 Denique
1147 4359 1315 4446 antiquam
