2834 4988
518 368 771 433 PRAEFATIO
1083 368 1087 373 ’
1162 379 1201 427 11

90 564 171 629 erga
201 562 254 606 me
286 539 491 643 uoluntatem¹
521 559 606 604 nouo
639 536 788 624 exemplo
820 534 972 623 probauit
998 534 1203 600 Lvnovrcvs
1223 500 1229 517 ἦ
1250 538 1271 565 ·‘

91 664 318 744 Sonornnvs,
349 659 406 746 qui
428 646 574 725 erstem
592 677 688 724 suam
713 654 948 744 supellectilem
974 653 1017 719 ad
1037 653 1203 718 Donatum

87 780 238 845 Terentii
258 780 470 866 interpretem
490 777 671 843 conlectam
689 794 797 842 meum
818 776 854 840 in
873 796 969 839 usum
991 773 1145 838 excussit.

175 897 312 963 Talibus
339 905 372 962 et
398 907 465 962 tam
494 895 666 962 luculentis
694 895 813 961 edendi
841 894 996 959 subsidiis
1025 893 1203 959 instructus

89 1019 168 1084 dum
190 1024 279 1081 totus
302 1038 416 1082 uersor
437 1017 471 1080 in
493 1014 682 1097 annalibus,
711 1012 878 1079 Ottonis
899 1011 1126 1078 Ribbeckii
1146 1010 1202 1078 ad·

90 1136 240 1202 feruntur
268 1134 483 1222 Tragicorum
507 1135 699 1199 Latinorum
724 1124 905 1222 Reliquiae.
950 1130 1057 1212 Quem
1082 1131 1202 1197 librum

91 1263 304 1343 posteaquam
324 1263 473 1321 accurate
494 1255 649 1337 tractaui,
675 1253 717 1318 ad
739 1252 801 1320 hoc
821 1250 987 1340 singulare
1011 1251 1045 1315 in
1067 1271 1126 1316 suo
1147 1272 1203 1336 ge

93 1395 169 1439 nere
200 1374 387 1460 exemplum
418 1396 523 1439 meam
559 1374 744 1464 editionem¹
770 1380 867 1464 quar‘n
893 1392 1024 1460 possem
1053 1371 1204 1459 proximo

47 1559 48 1563 ,
91 1493 258 1580 adplicata
279 1494 443 1558 constitui.
477 1493 623 1580 (dumque
643 1493 690 1558 ibi
713 1473 833 1580 optime
851 1491 893 1556 de
904 1491 1006 1555 Ennii
1023 1490 1213 1575 tragoediis

90 1611 275 1678 consultum
302 1613 466 1695 uiderem,
499 1633 537 1678 eo
566 1613 697 1679 facilius
723 1633 774 1676 me
803 1610 867 1674 buc
900 1608 1019 1674 adduci
1043 1608 1202 1695 patiebar,

88 1740 141 1815 ut,
172 1732 259 1819 quod
280 1752 346 1798 non
367 1753 439 1810 uuo
455 1733 587 1797 nomine
614 1739 647 1796 et
667 1731 748 1795 mihi
772 1711 898 1794 etaliis
920 1728 1063 1814 optabile
1084 1729 1202 1810 uisum,

89 1851 242 1916 comitem
263 1851 435 1916 annalibus
454 1852 535 1917 haec
556 1850 742 1936 fragmenta
761 1848 1110 1945 subicerem.1Quare
1129 1869 1203 1912 cum

90 1969 257 2053 omnibus,
272 1970 403 2056 quibus
432 1971 514 2036 haec
539 1970 648 2036 studia
668 1945 760 2035 cordi
786 1977 875 2052 sunt,
902 1978 1032 2055 gratim
1057 1966 1203 2032 facturus

90 2065 238 2172 uiderer,
260 2096 327 2155 tum
346 2091 550 2157 Ribbsokius
572 2089 659 2175 ipse,
680 2088 751 2153 lere
773 2110 839 2154 uon
861 2085 1056 2170 subuereor,
1085 2095 1122 2151 ut
1142 2086 1203 2149 ini-

91 2201 209 2294 quiore
231 2205 337 2275 fronte
357 2212 524 2297 inceptum
544 2230 653 2284 meum
682 2209 834 2295 excipiat.
867 2206 993 2292 ‘Itaque
1014 2208 1048 2270 in
1073 2207 1203 2272 uniuer-

90 2336 162 2392 sum
189 2333 315 2393 textum
344 2329 495 2414 exhibui,
530 2329 659 2417 qualem
690 2328 857 2393 constituit
885 2325 1102 2392 Ribbeckius:
1145 2326 1203 2390 sed

91 2468 161 2510 cum
191 2446 316 2532 denuo,
342 2471 384 2514 ne
410 2457 532 2514 temere
560 2471 714 2537 sequerer
742 2448 859 2513 ducem
884 2446 1033 2534 quamuis
1061 2446 1203 2511 certissi-

95 2546 192 2649 mum,
212 2568 498 2651 grammaticorum
519 2538 686 2634 uolumina
707 2575 904 2648 excuterem,
925 2566 1011 2630 inter
1029 2564 1205 2650 legendum

1230 250 1249 291 U

93 2691 123 2748 et
153 2685 269 2751 addidi
302 2688 462 2775 quaedam
495 2697 528 2754 et
562 2687 757 2753 emendandi
782 2686 837 2751 hic
865 2683 934 2748 illic
964 2687 1204 2771 opportunitate
1235 2662 1237 2667 Ι

91 2825 168 2868 usus
198 2826 281 2870 sum.
337 2804 377 2869 Iu
402 2829 442 2884 eo
470 2830 549 2875 uero
578 2807 707 2893 longius
737 2787 757 2870 a
783 2801 968 2870 Ribbeckio
996 2804 1096 2869 editio
1130 2826 1205 2869 mea

90 2923 230 3014 recedit,
262 2926 350 3013 quod
377 2948 451 2991 cum
479 2919 535 2993 ille
563 2929 633 2993 lere
660 2926 819 3014 quidquid
845 2926 1102 3010 fragmentorum
1132 2926 1203 2989 sine

92 3044 282 3129 tragoediae
308 3043 599 3111 indice'traditum
620 3055 671 3110 est
697 3045 739 3110 ad
765 3048 905 3109 incertas
927 3045 1107 3129 relegasset
1129 3043 1203 3108 reli-

96 3165 204 3249 quias,
236 3148 278 3227 de
306 3184 418 3228 eorum
442 3164 520 3229 sede
548 3166 628 3254 quid
648 3162 825 3231 diuinando
854 3164 985 3251 assequi
1008 3171 1151 3250 posset,
1167 3164 1204 3227 in

94 3282 339 3370 quaestionibus
373 3284 511 3368 sceniqis
545 3281 763 3373 periclitatus:
784 3281 883 3371 ipse,
917 3303 982 3370 quo
1010 3305 1028 3347 e
1054 3283 1202 3371 reliquiis

92 3392 485 3490 facilius'tragoediarum
505 3406 811 3492 tenor‘appareret,
840 3403 973 3469 incertis
994 3400 1144 3467 uersibus
1167 3403 1202 3468 in

89 3521 210 3587 fabulis
235 3524 331 3610 ipsis,
354 3524 383 3588 si
402 3524 476 3588 fieri
496 3535 638 3613 poterat,
660 3524 767 3604 locum
787 3522 992 3612 probabilem
1014 3523 1204 3609 adsignaui-

91 3638 244 3728 Denique
271 3665 335 3729 quo
363 3645 484 3709 omnia*
498 3645 650 3710 Enniana
669 3631 760 3710 ‘unus
785 3644 869 3709 liber
895 3644 1074 3727 contineat,
1104 3646 1202 3716 etiam

92 3760 253 3833 minorum
289 3770 473 3848 poematum
507 3764 647 3829 frustula
680 3766 863 3853 conquisiui
894 3786 933 3829 ac
960 3766 1040 3847 situ,
1076 3787 1140 3852 quo
1168 3766 1202 3830 hi

91 3880 233 3944 maxime
254 3901 370 3945 uersus
389 3882 525 3948 obducti
544 3882 712 3967 iacebant,
737 3892 774 3949 ut
795 3885 902 3971 potui,
922 3892 1062 3972 purgata
1083 3885 1199 3950 adieci.

173 3998 226 4063 Ita
254 4009 490 4068 ematurescere
512 4002 669 4090 paulatim
694 4003 935 4070 lucubrationes
957 4004 993 4068 in
1014 4004 1122 4068 Ennio
1144 4028 1200 4092 po-

90 4117 171 4183 sitae
190 4140 299 4184 meae:
324 4142 398 4184 cum
417 4121 670 4206 RITSCHELIVS,
697 4125 876 4211 quostiam
898 4146 918 4187 a
937 4132 1089 4212 typorum
1108 4125 1200 4189 char-

89 4243 258 4324 tarumque
279 4238 443 4324 elegantia
463 4242 562 4307 decus
584 4242 747 4328 quoddam
771 4242 882 4308 libello
904 4247 1123 4329 contingeret,
1151 4243 1199 4306 bi-

89 4353 264 4444 bliopolam
276 4357 540 4426 honestissimum
561 4345 706 4451 atquem
727 4364 768 4430 de
784 4365 903 4431 nostris
926 4363 1042 4430 litteris
1065 4365 1199 4450 egregie
