2834 4988
579 412 811 468 ΕΝΝΙΑΝΑΕ
1180 419 1253 468 LVII

143 576 195 636 lib.
219 575 332 653 xxvl)
361 577 488 636 uocabat
515 578 570 638 arti
597 577 736 639 adhibuit.
781 577 853 637 Nam
876 573 1016 634 Naeuium
1043 593 1099 633 nou
1121 578 1253 653 attigisse

143 685 332 746 hexametros
363 693 476 743 constat
503 683 590 745 bodie
618 702 674 742 non
694 685 843 760 omnibus,
872 682 924 742 sed
943 683 1108 759 plerisque:
1139 685 1175 744 de
1197 702 1253 762 qua

143 810 177 850 re
214 808 299 869 quam
327 809 402 849 nunc
435 808 493 848 non
523 808 687 869 persequor
722 789 859 867 quidquid
890 788 1078 864 iudicabitur,
1120 806 1172 847 eos
1205 791 1253 867 qui

143 909 289 976 tamquam
307 893 447 954 Naeuiani
471 895 621 954 laudantur
642 895 829 956 hexametros
854 914 889 954 ea
911 904 1007 954 aetate
1028 896 1116 972 longe
1138 897 1253 974 politio-

144 1025 194 1066 res
218 1023 286 1065 esse
309 1020 479 1083 persuasum
497 999 604 1062 habeo.
651 1003 695 1062 Ab
718 1003 775 1061 illis
798 1011 893 1061 autem
914 1003 1064 1078 uersibus,
1089 1004 1164 1061 inter
1180 1018 1254 1081 quos

146 1112 322 1174 Ciceronem
344 1124 402 1167 non
432 1107 519 1165 multa
543 1109 676 1167 omisisse
701 1110 853 1185 existimo,
882 1127 940 1168 non
968 1127 1073 1186 magno
1099 1107 1253 1168 interuallo

145 1222 307 1300 dispestum
336 1216 427 1274 fuisse
462 1214 498 1272 ir·
522 1212 548 1271 ll
580 1215 708 1274 uidetur:
740 1232 798 1291 quo
824 1234 887 1275 eam
913 1216 1016 1275 ‘dicti'
1046 1214 1176 1293 peritiam
1199 1213 1255 1272 sibi

143 1344 203 1385 non
229 1343 284 1403 per
309 1321 449 1380 somnium
470 1318 522 1377 sed
545 1319 647 1379 labore
672 1339 706 1380 ac
731 1321 826 1382 studio
850 1324 1009 1400 contigisse
1031 1320 1192 1400 profitetur.
1230 1319 1255 1379 Α

144 1430 251 1510 quibus
273 1429 366 1508 ‚paulo
390 1426 505 1502 longius
527 1425 628 1486 aberat
651 1428 765 1486 tertium
789 1428 993 1506 eproboemio
1009 1435 1160 1505 superstes
1177 1427 1254 1503 frag·

144 1546 290 1613 mentum,
312 1553 370 1616 quo
387 1530 496 1592 Ennius
515 1549 548 1591 se
571 1531 607 1590 ab
630 1532 811 1593 obtrectandi
836 1534 954 1594 libidine
972 1534 1086 1593 uidetur
1102 1550 1255 1594 reuocare.
1292 1537 1295 1542 '

144 1645 206 1704 Sed
236 1642 290 1703 bos
319 1642 356 1701 de
389 1658 440 1700 sua
468 1637 630 1716 Naeuiique
659 1640 744 1716 poesi
775 1658 879 1699 sensus
911 1639 1051 1702 Columna
1080 1658 1115 1698 ac
1142 1639 1256 1699 blemla

145 1756 264 1828 potitam
287 1750 316 1806 in
336 1747 401 1825 ipso
420 1746 517 1805 limine
534 1745 666 1803 carminis
686 1746 904 1823 deprompsisse
920 1746 1090 1805 uoluerunt:
1113 1765 1147 1806 ac
1163 1748 1256 1824 potuit

145 1875 209 1915 eam
233 1872 294 1914 rem
317 1853 425 1913 Ennius
449 1853 553 1912 iamin
580 1852 662 1928 primi
684 1852 794 1911 annalis
817 1852 939 1911 exordio
964 1853 1116 1928 attingere.
1160 1851 1254 1928 Nunc,

145 1961 225 2039 quod
248 1958 355 2020 Cicero
378 1957 556 2033 subindicat,
580 1976 614 2016 ea
638 1957 677 2016 ibi
700 1960 852 2035 exposuit,
876 1958 924 2018 ubi
946 1961 1086 2017 rationem
1101 1958 1253 2033 reddebat,

145 2084 198 2125 cur
224 2067 253 2124 in
281 2066 374 2144 primo
398 2064 478 2123 bello
501 2063 609 2122 Punico
631 2064 807 2143 aliquantum
827 2084 843 2125 a
866 2082 947 2124 more
970 2081 1023 2124 suo
1049 2064 1182 2123 narrandi
1205 2064 1255 2123 de·

144 2171 279 2230 flexisset
295 2171 450 2246 (scripsere
471 2176 521 2229 olii
541 2189 600 2229 rem
619 2188 689 2248 eq.
704 2191 727 2230 s.
754 2170 789 2235 fr.
809 2170 851 2248 l):
877 2188 932 2247 qua
954 2171 1170 2249 opportunitate
1191 2190 1253 2230 cuim

145 2273 249 2335 Naeuii
269 2293 387 2336 carmen
407 2285 592 2352 memoraret,
615 2277 749 2336 iudicium
770 2276 806 2335 de
824 2293 860 2334 eo
882 2281 970 2354 poeta
993 2275 1107 2336 adiecit.
1138 2277 1201 2350 Qua
1222 2296 1255 2337 re

146 2397 199 2438 suo
223 2381 287 2439 iure
308 2382 403 2442 editor
417 2382 577 2460 Lipsiensis
599 2383 711 2442 relictis
732 2383 860 2441 auctoris
875 2382 920 2438 sui
936 2382 1068 2460 uestigiis
1087 2385 1115 2442 in
1130 2385 1256 2463 septimo

144 2504 249 2546 uersus
272 2491 415 2566 reposuit,
452 2487 543 2548 Porro
571 2490 636 2549 dum
657 2508 706 2548 res
728 2491 808 2569 ipsas
823 2489 881 2548 hoc
902 2486 982 2547 bello
1004 2499 1104 2566 gestas
1127 2491 1257 2550 breuiter

145 2594 333 2672 perstringit,
366 2598 541 2657 occasiones
564 2597 702 2675 quasdam
724 2597 908 2655 inlustriores
927 2595 1031 2674 quibos
1053 2597 1137 2657 latius
1161 2599 1254 2657 oratio

146 2709 304 2777 uagaretur
335 2703 471 2780 captauit.
516 2704 557 2764 lta
586 2702 721 2763 uersibus
750 2719 824 2780 quos
851 2699 936 2761 Gellii
964 2701 1000 2761 N.
1025 2703 1062 2761 Α.
1091 2703 1185 2763 xllx
1215 2705 1255 2762 in-

147 2808 257 2868 dustria
291 2808 419 2866 seruauit
445 2807 514 2887 (X)
552 2810 684 2887 speciem
713 2808 767 2866 uiri
800 2809 902 2867 nescio
938 2810 1019 2867 cuius
1056 2810 1103 2887 qui
1137 2809 1254 2869 Seruilii

146 2915 272 2974 amicitia
299 2913 448 2973 fruebatur
478 2932 543 2974 cum
576 2914 669 2974 studio
701 2911 888 2972 adumbrauit.
944 2913 1116 2975 Theodorus
1144 2904 1272 2992 Hugius‘

147 3019 265 3099 quidem
294 3018 477 3097 inprobabile
509 3022 601 3100 ducit,
635 3019 756 3078 Ennium
787 3020 815 3076 in
849 3027 906 3077 tam
934 3021 1140 3097 compendiosa
1173 3020 1256 3079 huius

146 3126 219 3187 belli
243 3125 407 3185 narratione
430 3127 542 3187 mediae
562 3145 675 3206 pugnae
697 3126 818 3186 alicuius
833 3126 1022 3203 descriptioni
1044 3146 1108 3186 eam
1133 3129 1256 3205 copiose

147 3233 325 3312 explicatam
345 3249 456 3290 morum
478 3232 702 3294 delineationem
725 3230 916 3289 inmiscuisse.
954 3230 992 3290 At
1013 3231 1061 3291 bic
1081 3239 1169 3311 poeta
1192 3251 1256 3291 cum

148 3339 265 3416 longius
286 3336 405 3397 abesset
428 3337 464 3397 ab
490 3357 525 3398 ea
552 3341 622 3399 artis
645 3337 818 3412 subtilitate,
852 3355 927 3416 quae
952 3339 1074 3397 maxime
1100 3341 1128 3397 in
1150 3357 1256 3417 aequa-

147 3444 260 3504 bilitate
282 3443 404 3522 partium
427 3447 623 3523 conspicitur,
647 3453 704 3503 tum
727 3443 784 3502 hoc
805 3443 939 3502 consulto
962 3445 1100 3520 instituit,
1124 3455 1154 3505 ut
1177 3454 1256 3505 cete·

148 3552 187 3610 ris
211 3568 288 3629 quae
310 3548 437 3610 Naeuius
459 3560 657 3630 occupauerat
679 3550 838 3608 summatim
863 3551 991 3609 tractatis
1015 3553 1044 3609 in
1068 3551 1257 3610 deuerticulis

149 3656 322 3736 quibusdam
342 3657 447 3717 diutius
463 3666 640 3717 uersaretur.
679 3655 742 3728 Qua
763 3674 796 3713 re
817 3674 853 3714 ue
873 3656 943 3716 illud
960 3658 1076 3735 quidem
1095 3666 1152 3717 tam
1173 3659 1256 3717 mira·

149 3763 208 3824 bile
243 3771 290 3822 est
321 3779 406 3839 quam
436 3761 533 3839 llugio
563 3760 734 3836 uidebatur,
769 3761 847 3838 quod
878 3762 1057 3840 splendidius
1086 3781 1102 3823 a
1130 3763 1257 3823 Seruilio

149 3877 266 3947 gestum
302 3867 372 3927 nibil
407 3867 443 3927 ad
475 3875 602 3925 nostram
636 3868 801 3926 memoriam
831 3870 974 3945 peruenit.
1040 3868 1154 3928 Etenim
1183 3868 1256 3927 duos

149 3972 241 4032 luisse
263 3973 406 4032 Seruilios
425 3974 559 4051 geminos
583 3971 689 4032 Cicero
712 3974 797 4033 tradit
821 3974 950 4053 (quaest.
974 3974 1056 4034 acad.
1081 3973 1108 4033 ll
1128 3972 1181 4049 18,
1205 3973 1256 4034 56.

151 4074 206 4152 26,
226 4074 303 4155 84),
327 4077 457 4137 Publium
479 4079 616 4154 altemm,
638 4078 686 4156 qui
708 4096 771 4137 cum
794 4075 827 4136 G.
844 4079 965 4138 Aurelio
984 4077 1070 4139 Cotta
1091 4078 1135 4137 bis
1155 4077 1257 4137 consul

151 4181 201 4241 luit
231 4183 428 4242 a.u.c.501
459 4194 489 4243 et
511 4184 590 4258 505,
623 4184 743 4244 alterum
774 4183 917 4256 Quintum.
974 4183 1103 4256 Quorum
1134 4181 1170 4239 de
1200 4180 1258 4240 hoc

151 4287 217 4348 nibil
247 4289 380 4367 comperi
403 4298 521 4368 praeter
548 4307 672 4348 nomen:
703 4288 753 4347 ille
783 4297 907 4368 utroque
933 4288 1084 4348 consulatu
1106 4288 1135 4345 in
1157 4286 1256 4344 Sicilia
