<?xml version="1.0" encoding="UTF-8"?>
<!DOCTYPE html PUBLIC "-//W3C//DTD XHTML 1.0 Transitional//EN"
    "http://www.w3.org/TR/xhtml1/DTD/xhtml1-transitional.dtd">
<html xmlns="http://www.w3.org/1999/xhtml" xml:lang="en" lang="en">
 <head>
  <title>
</title>
<meta http-equiv="Content-Type" content="text/html;charset=utf-8" />
  <meta name='ocr-system' content='tesseract 3.04.00' />
  <meta name='ocr-capabilities' content='ocr_page ocr_carea ocr_par ocr_line ocrx_word'/>
</head>
<body>
  <div class='ocr_page' id='page_1' title='image "./ennicanpoesisre00ennigoog_0033.png"; bbox 0 0 2834 4988; ppageno 0'>
   <div class='ocr_carea' id='block_1_1' title="bbox 115 362 823 433">
    <p class='ocr_par' dir='ltr' id='par_1_1' title="bbox 115 362 823 433">
     <span class='ocr_line' id='line_1_1' title="bbox 115 362 823 433; baseline -0.003 -8"><span class='ocrx_word' id='word_1_1' title='bbox 115 375 200 425; x_wconf 78' lang='lat' dir='ltr'><strong>Xxw</strong></span> <span class='ocrx_word' id='word_1_2' title='bbox 515 362 823 433; x_wconf 81' lang='lat' dir='ltr'>QVAESTIONES</span> 
     </span>
    </p>
   </div>
   <div class='ocr_carea' id='block_1_2' title="bbox 72 530 1273 4230">
    <p class='ocr_par' dir='ltr' id='par_1_2' title="bbox 115 530 1231 2323">
     <span class='ocr_line' id='line_1_2' title="bbox 116 530 1228 612; baseline -0.004 -16"><span class='ocrx_word' id='word_1_3' title='bbox 116 536 187 596; x_wconf 92' lang='lat' dir='ltr'><strong>sede</strong></span> <span class='ocrx_word' id='word_1_4' title='bbox 214 531 358 607; x_wconf 84' lang='lat' dir='ltr'><strong>admisso,</strong></span> <span class='ocrx_word' id='word_1_5' title='bbox 387 547 445 590; x_wconf 93' lang='lat' dir='ltr'><strong>non</strong></span> <span class='ocrx_word' id='word_1_6' title='bbox 467 530 611 610; x_wconf 77' lang='lat' dir='ltr'><strong>aptiorem</strong></span> <span class='ocrx_word' id='word_1_7' title='bbox 633 531 837 608; x_wconf 76' lang='lat' dir='ltr'><strong>occasionem,</strong></span> <span class='ocrx_word' id='word_1_8' title='bbox 870 551 955 612; x_wconf 86' lang='lat' dir='ltr'><strong>qnam</strong></span> <span class='ocrx_word' id='word_1_9' title='bbox 986 542 1016 594; x_wconf 88' lang='lat' dir='ltr'><strong>ut</strong></span> <span class='ocrx_word' id='word_1_10' title='bbox 1041 533 1077 595; x_wconf 88' lang='lat' dir='ltr'><strong>ab</strong></span> <span class='ocrx_word' id='word_1_11' title='bbox 1106 533 1228 594; x_wconf 85' lang='lat' dir='ltr'>Homeri</span> 
     </span>
     <span class='ocr_line' id='line_1_3' title="bbox 115 635 1227 721; baseline -0.005 -17"><span class='ocrx_word' id='word_1_12' title='bbox 115 641 271 704; x_wconf 90' lang='lat' dir='ltr'><strong>simulacro</strong></span> <span class='ocrx_word' id='word_1_13' title='bbox 291 637 468 719; x_wconf 84' lang='lat' dir='ltr'><strong>proferatur,</strong></span> <span class='ocrx_word' id='word_1_14' title='bbox 488 637 623 716; x_wconf 82' lang='lat' dir='ltr'><strong>dispicio.</strong></span> <span class='ocrx_word' id='word_1_15' title='bbox 667 635 812 699; x_wconf 84' lang='lat' dir='ltr'><strong>Caeruleo</strong></span> <span class='ocrx_word' id='word_1_16' title='bbox 835 641 911 700; x_wconf 91' lang='lat' dir='ltr'><strong>enim</strong></span> <span class='ocrx_word' id='word_1_17' title='bbox 935 659 1062 721; x_wconf 91' lang='lat' dir='ltr'><strong>corpore</strong></span> <span class='ocrx_word' id='word_1_18' title='bbox 1086 641 1227 703; x_wconf 90' lang='lat' dir='ltr'><strong>cortinam</strong></span> 
     </span>
     <span class='ocr_line' id='line_1_4' title="bbox 115 744 1229 828; baseline -0.002 -20"><span class='ocrx_word' id='word_1_19' title='bbox 115 749 196 823; x_wconf 83' lang='lat' dir='ltr'><strong>dicit,</strong></span> <span class='ocrx_word' id='word_1_20' title='bbox 214 745 242 805; x_wconf 95' lang='lat' dir='ltr'><strong>ni</strong></span> <span class='ocrx_word' id='word_1_21' title='bbox 258 744 356 822; x_wconf 79' lang='lat' dir='ltr'><strong>lallor,</strong></span> <span class='ocrx_word' id='word_1_22' title='bbox 376 744 499 820; x_wconf 82' lang='lat' dir='ltr'><strong>caelum,</strong></span> <span class='ocrx_word' id='word_1_23' title='bbox 522 744 650 804; x_wconf 74' lang='lat' dir='ltr'><strong>‘circum</strong></span> <span class='ocrx_word' id='word_1_24' title='bbox 667 761 813 824; x_wconf 82' lang='lat' dir='ltr'><strong>supraque</strong></span> <span class='ocrx_word' id='word_1_25' title='bbox 826 747 906 825; x_wconf 87' lang='lat' dir='ltr'><strong>quod</strong></span> <span class='ocrx_word' id='word_1_26' title='bbox 923 748 1080 828; x_wconf 83' lang='lat' dir='ltr'><strong>complexu</strong></span> <span class='ocrx_word' id='word_1_27' title='bbox 1096 746 1229 808; x_wconf 88' lang='lat' dir='ltr'><strong>eontinet</strong></span> 
     </span>
     <span class='ocr_line' id='line_1_5' title="bbox 115 840 1227 931; baseline -0.004 -15"><span class='ocrx_word' id='word_1_28' title='bbox 115 840 244 931; x_wconf 72' lang='lat' dir='ltr'><strong>terrani,</strong></span> <span class='ocrx_word' id='word_1_29' title='bbox 268 862 298 914; x_wconf 90' lang='lat' dir='ltr'><strong>ut</strong></span> <span class='ocrx_word' id='word_1_30' title='bbox 320 870 337 913; x_wconf 92' lang='lat' dir='ltr'><strong>e</strong></span> <span class='ocrx_word' id='word_1_31' title='bbox 357 851 484 912; x_wconf 86' lang='lat' dir='ltr'><strong>Pacuuio</strong></span> <span class='ocrx_word' id='word_1_32' title='bbox 504 848 600 911; x_wconf 91' lang='lat' dir='ltr'><strong>Varro</strong></span> <span class='ocrx_word' id='word_1_33' title='bbox 622 850 718 912; x_wconf 86' lang='lat' dir='ltr'><strong>adlert</strong></span> <span class='ocrx_word' id='word_1_34' title='bbox 739 851 776 911; x_wconf 91' lang='lat' dir='ltr'><strong>dc</strong></span> <span class='ocrx_word' id='word_1_35' title='bbox 798 852 829 912; x_wconf 92' lang='lat' dir='ltr'><strong>L.</strong></span> <span class='ocrx_word' id='word_1_36' title='bbox 852 852 883 912; x_wconf 88' lang='lat' dir='ltr'><strong>L.</strong></span> <span class='ocrx_word' id='word_1_37' title='bbox 906 852 932 912; x_wconf 93' lang='lat' dir='ltr'>V</span> <span class='ocrx_word' id='word_1_38' title='bbox 957 855 995 915; x_wconf 76' lang='lat' dir='ltr'><strong>li</strong></span> <span class='ocrx_word' id='word_1_39' title='bbox 1016 852 1053 914; x_wconf 86' lang='lat' dir='ltr'><strong>ll.</strong></span> <span class='ocrx_word' id='word_1_40' title='bbox 1083 871 1120 915; x_wconf 94' lang='lat' dir='ltr'><strong>eo</strong></span> <span class='ocrx_word' id='word_1_41' title='bbox 1145 853 1227 930; x_wconf 83' lang='lat' dir='ltr'><strong>loco,</strong></span> 
     </span>
     <span class='ocr_line' id='line_1_6' title="bbox 116 955 1227 1042; baseline -0.002 -20"><span class='ocrx_word' id='word_1_42' title='bbox 116 962 167 1042; x_wconf 85' lang='lat' dir='ltr'><strong>qui</strong></span> <span class='ocrx_word' id='word_1_43' title='bbox 190 960 274 1042; x_wconf 93' lang='lat' dir='ltr'><strong>plura</strong></span> <span class='ocrx_word' id='word_1_44' title='bbox 296 958 384 1019; x_wconf 87' lang='lat' dir='ltr'><strong>hebet</strong></span> <span class='ocrx_word' id='word_1_45' title='bbox 408 976 483 1040; x_wconf 86' lang='lat' dir='ltr'><strong>quae</strong></span> <span class='ocrx_word' id='word_1_46' title='bbox 506 976 571 1019; x_wconf 92' lang='lat' dir='ltr'><strong>cum</strong></span> <span class='ocrx_word' id='word_1_47' title='bbox 593 955 730 1017; x_wconf 84' lang='lat' dir='ltr'><strong>Ennianis</strong></span> <span class='ocrx_word' id='word_1_48' title='bbox 753 969 915 1037; x_wconf 85' lang='lat' dir='ltr'><strong>congruant</strong></span> <span class='ocrx_word' id='word_1_49' title='bbox 937 960 1098 1022; x_wconf 88' lang='lat' dir='ltr'><strong>sententiis.</strong></span> <span class='ocrx_word' id='word_1_50' title='bbox 1137 956 1227 1021; x_wconf 83' lang='lat' dir='ltr'><strong>Gete-</strong></span> 
     </span>
     <span class='ocr_line' id='line_1_7' title="bbox 117 1064 1229 1146; baseline -0.004 -16"><span class='ocrx_word' id='word_1_51' title='bbox 117 1089 196 1146; x_wconf 85' lang='lat' dir='ltr'><strong>rum,</strong></span> <span class='ocrx_word' id='word_1_52' title='bbox 217 1075 248 1128; x_wconf 92' lang='lat' dir='ltr'><strong>ut</strong></span> <span class='ocrx_word' id='word_1_53' title='bbox 269 1066 327 1128; x_wconf 88' lang='lat' dir='ltr'><strong>hoc</strong></span> <span class='ocrx_word' id='word_1_54' title='bbox 346 1084 422 1127; x_wconf 88' lang='lat' dir='ltr'><strong>nuno</strong></span> <span class='ocrx_word' id='word_1_55' title='bbox 449 1065 543 1127; x_wconf 91' lang='lat' dir='ltr'><strong>dicam</strong></span> <span class='ocrx_word' id='word_1_56' title='bbox 573 1065 718 1144; x_wconf 88' lang='lat' dir='ltr'><strong>apertius,</strong></span> <span class='ocrx_word' id='word_1_57' title='bbox 749 1064 827 1143; x_wconf 89' lang='lat' dir='ltr'><strong>quod</strong></span> <span class='ocrx_word' id='word_1_58' title='bbox 856 1066 892 1127; x_wconf 85' lang='lat' dir='ltr'><strong>alr</strong></span> <span class='ocrx_word' id='word_1_59' title='bbox 924 1064 958 1125; x_wconf 94' lang='grc' dir='ltr'><strong>Ο.</strong></span> <span class='ocrx_word' id='word_1_60' title='bbox 989 1065 1149 1144; x_wconf 86' lang='lat' dir='ltr'><strong>lluellero‚</strong></span> <span class='ocrx_word' id='word_1_61' title='bbox 1179 1066 1229 1146; x_wconf 77' lang='lat' dir='ltr'><strong>quui</strong></span> 
     </span>
     <span class='ocr_line' id='line_1_8' title="bbox 117 1170 1230 1256; baseline -0.004 -18"><span class='ocrx_word' id='word_1_62' title='bbox 117 1176 241 1256; x_wconf 87' lang='lat' dir='ltr'><strong>egregie</strong></span> <span class='ocrx_word' id='word_1_63' title='bbox 262 1190 378 1235; x_wconf 92' lang='lat' dir='ltr'><strong>uersum</strong></span> <span class='ocrx_word' id='word_1_64' title='bbox 400 1170 479 1232; x_wconf 91' lang='lat' dir='ltr'><strong>illum</strong></span> <span class='ocrx_word' id='word_1_65' title='bbox 498 1171 647 1248; x_wconf 84' lang='lat' dir='ltr'><strong>emendat,</strong></span> <span class='ocrx_word' id='word_1_66' title='bbox 672 1171 732 1230; x_wconf 87' lang='lat' dir='ltr'><strong>uitii</strong></span> <span class='ocrx_word' id='word_1_67' title='bbox 755 1170 897 1249; x_wconf 83' lang='lat' dir='ltr'><strong>originem</strong></span> <span class='ocrx_word' id='word_1_68' title='bbox 919 1191 1019 1251; x_wconf 92' lang='lat' dir='ltr'><strong>parum</strong></span> <span class='ocrx_word' id='word_1_69' title='bbox 1041 1181 1230 1253; x_wconf 78' lang='lat' dir='ltr'><strong>perspectam</strong></span> 
     </span>
     <span class='ocr_line' id='line_1_9' title="bbox 117 1275 1230 1362; baseline -0.005 -17"><span class='ocrx_word' id='word_1_70' title='bbox 117 1302 186 1346; x_wconf 90' lang='lat' dir='ltr'><strong>esse</strong></span> <span class='ocrx_word' id='word_1_71' title='bbox 206 1279 381 1362; x_wconf 85' lang='lat' dir='ltr'><strong>significaui:</strong></span> <span class='ocrx_word' id='word_1_72' title='bbox 402 1295 459 1337; x_wconf 90' lang='lat' dir='ltr'><strong>nou</strong></span> <span class='ocrx_word' id='word_1_73' title='bbox 475 1275 617 1338; x_wconf 76' lang='lat' dir='ltr'><strong>credibile</strong></span> <span class='ocrx_word' id='word_1_74' title='bbox 634 1284 689 1353; x_wconf 82' lang='lat' dir='ltr'><strong>est,</strong></span> <span class='ocrx_word' id='word_1_75' title='bbox 710 1277 777 1338; x_wconf 86' lang='lat' dir='ltr'><strong>milri</strong></span> <span class='ocrx_word' id='word_1_76' title='bbox 794 1279 921 1356; x_wconf 82' lang='lat' dir='ltr'><strong>quidem,</strong></span> <span class='ocrx_word' id='word_1_77' title='bbox 944 1281 973 1340; x_wconf 94' lang='lat' dir='ltr'><strong>in</strong></span> <span class='ocrx_word' id='word_1_78' title='bbox 987 1279 1032 1340; x_wconf 85' lang='lat' dir='ltr'><strong>luis</strong></span> <span class='ocrx_word' id='word_1_79' title='bbox 1051 1279 1230 1358; x_wconf 77' lang='lat' dir='ltr'><strong>corruptelis</strong></span> 
     </span>
     <span class='ocr_line' id='line_1_10' title="bbox 117 1386 1229 1469; baseline -0.007 -17"><span class='ocrx_word' id='word_1_80' title='bbox 117 1409 241 1469; x_wconf 80' lang='lat' dir='ltr'><strong>quaeque</strong></span> <span class='ocrx_word' id='word_1_81' title='bbox 262 1396 290 1449; x_wconf 82' lang='lat' dir='ltr'><strong>io</strong></span> <span class='ocrx_word' id='word_1_82' title='bbox 317 1387 410 1449; x_wconf 89' lang='lat' dir='ltr'><strong>latere</strong></span> <span class='ocrx_word' id='word_1_83' title='bbox 436 1404 508 1463; x_wconf 80' lang='lat' dir='ltr'><strong>quoe</strong></span> <span class='ocrx_word' id='word_1_84' title='bbox 528 1404 620 1444; x_wconf 85' lang='lat' dir='ltr'><strong>cauo:</strong></span> <span class='ocrx_word' id='word_1_85' title='bbox 650 1392 751 1444; x_wconf 88' lang='lat' dir='ltr'><strong>eontra</strong></span> <span class='ocrx_word' id='word_1_86' title='bbox 773 1404 845 1446; x_wconf 83' lang='lat' dir='ltr'><strong>cauo</strong></span> <span class='ocrx_word' id='word_1_87' title='bbox 868 1386 1061 1462; x_wconf 87' lang='lat' dir='ltr'><strong>uocabulum,</strong></span> <span class='ocrx_word' id='word_1_88' title='bbox 1091 1401 1151 1464; x_wconf 87' lang='lat' dir='ltr'><strong>quo</strong></span> <span class='ocrx_word' id='word_1_89' title='bbox 1169 1401 1229 1445; x_wconf 91' lang='lat' dir='ltr'><strong>om·</strong></span> 
     </span>
     <span class='ocr_line' id='line_1_11' title="bbox 118 1490 1229 1571; baseline -0.006 -14"><span class='ocrx_word' id='word_1_90' title='bbox 118 1498 185 1558; x_wconf 91' lang='lat' dir='ltr'><strong>nino</strong></span> <span class='ocrx_word' id='word_1_91' title='bbox 209 1495 303 1557; x_wconf 93' lang='lat' dir='ltr'><strong>careri</strong></span> <span class='ocrx_word' id='word_1_92' title='bbox 324 1510 382 1553; x_wconf 91' lang='lat' dir='ltr'><strong>non</strong></span> <span class='ocrx_word' id='word_1_93' title='bbox 400 1509 491 1571; x_wconf 93' lang='lat' dir='ltr'><strong>posse</strong></span> <span class='ocrx_word' id='word_1_94' title='bbox 512 1490 607 1552; x_wconf 91' lang='lat' dir='ltr'><strong>Varro</strong></span> <span class='ocrx_word' id='word_1_95' title='bbox 632 1490 776 1568; x_wconf 87' lang='lat' dir='ltr'><strong>ostendit,</strong></span> <span class='ocrx_word' id='word_1_96' title='bbox 806 1509 823 1552; x_wconf 92' lang='lat' dir='ltr'><strong>e</strong></span> <span class='ocrx_word' id='word_1_97' title='bbox 845 1511 935 1553; x_wconf 83' lang='lat' dir='ltr'><strong>cauea</strong></span> <span class='ocrx_word' id='word_1_98' title='bbox 963 1510 1040 1554; x_wconf 85' lang='lat' dir='ltr'><strong>uoce</strong></span> <span class='ocrx_word' id='word_1_99' title='bbox 1062 1492 1150 1553; x_wconf 92' lang='lat' dir='ltr'><strong>elicio</strong></span> <span class='ocrx_word' id='word_1_100' title='bbox 1172 1491 1229 1571; x_wconf 87' lang='lat' dir='ltr'><strong>(ci.</strong></span> 
     </span>
     <span class='ocr_line' id='line_1_12' title="bbox 117 1594 1231 1681; baseline -0.003 -17"><span class='ocrx_word' id='word_1_101' title='bbox 117 1604 193 1665; x_wconf 86' lang='lat' dir='ltr'><strong>Ann.</strong></span> <span class='ocrx_word' id='word_1_102' title='bbox 222 1601 307 1681; x_wconf 81' lang='lat'>420)</span> <span class='ocrx_word' id='word_1_103' title='bbox 347 1618 382 1661; x_wconf 90' lang='lat' dir='ltr'><strong>ac</strong></span> <span class='ocrx_word' id='word_1_104' title='bbox 415 1615 467 1657; x_wconf 87' lang='lat' dir='ltr'><strong>sua</strong></span> <span class='ocrx_word' id='word_1_105' title='bbox 500 1594 572 1656; x_wconf 90' lang='lat' dir='ltr'><strong>sede</strong></span> <span class='ocrx_word' id='word_1_106' title='bbox 607 1597 683 1659; x_wconf 92' lang='lat' dir='ltr'><strong>unde</strong></span> <span class='ocrx_word' id='word_1_107' title='bbox 711 1607 843 1659; x_wconf 86' lang='lat' dir='ltr'><strong>cesserat</strong></span> <span class='ocrx_word' id='word_1_108' title='bbox 877 1616 1009 1679; x_wconf 91' lang='lat' dir='ltr'><strong>repono:</strong></span> <span class='ocrx_word' id='word_1_109' title='bbox 1046 1619 1171 1678; x_wconf 81' lang='lat' dir='ltr'><strong>quaeque</strong></span> <span class='ocrx_word' id='word_1_110' title='bbox 1201 1607 1231 1660; x_wconf 85' lang='lat' dir='ltr'><strong>in</strong></span> 
     </span>
     <span class='ocr_line' id='line_1_13' title="bbox 119 1702 1231 1786; baseline -0.004 -13"><span class='ocrx_word' id='word_1_111' title='bbox 119 1720 214 1773; x_wconf 90' lang='lat' dir='ltr'><strong>autem</strong></span> <span class='ocrx_word' id='word_1_112' title='bbox 242 1726 300 1768; x_wconf 93' lang='lat' dir='ltr'><strong>non</strong></span> <span class='ocrx_word' id='word_1_113' title='bbox 323 1707 429 1767; x_wconf 87' lang='lat' dir='ltr'><strong>distant</strong></span> <span class='ocrx_word' id='word_1_114' title='bbox 456 1703 519 1763; x_wconf 90' lang='lat' dir='ltr'><strong>iere</strong></span> <span class='ocrx_word' id='word_1_115' title='bbox 548 1702 584 1764; x_wconf 90' lang='lat' dir='ltr'><strong>ab</strong></span> <span class='ocrx_word' id='word_1_116' title='bbox 612 1703 658 1764; x_wconf 91' lang='lat' dir='ltr'><strong>his</strong></span> <span class='ocrx_word' id='word_1_117' title='bbox 691 1722 765 1785; x_wconf 88' lang='lat' dir='ltr'><strong>quae</strong></span> <span class='ocrx_word' id='word_1_118' title='bbox 788 1713 852 1764; x_wconf 93' lang='lat' dir='ltr'><strong>sunt</strong></span> <span class='ocrx_word' id='word_1_119' title='bbox 869 1724 941 1781; x_wconf 83' lang='lat' dir='ltr'><strong>quae</strong></span> <span class='ocrx_word' id='word_1_120' title='bbox 961 1725 1056 1784; x_wconf 81' lang='lat' dir='ltr'><strong>qoem,</strong></span> <span class='ocrx_word' id='word_1_121' title='bbox 1083 1718 1231 1786; x_wconf 86' lang='lat' dir='ltr'><strong>quaeest</strong></span> 
     </span>
     <span class='ocr_line' id='line_1_14' title="bbox 118 1809 1229 1895; baseline -0.003 -18"><span class='ocrx_word' id='word_1_122' title='bbox 118 1837 171 1895; x_wconf 82' lang='lat' dir='ltr'><strong>quc</strong></span> <span class='ocrx_word' id='word_1_123' title='bbox 196 1815 321 1876; x_wconf 91' lang='lat' dir='ltr'><strong>uoculae</strong></span> <span class='ocrx_word' id='word_1_124' title='bbox 357 1809 563 1890; x_wconf 89' lang='lat' dir='ltr'><strong>dittographia.</strong></span> <span class='ocrx_word' id='word_1_125' title='bbox 613 1810 645 1870; x_wconf 95' lang='lat' dir='ltr'><strong>ln</strong></span> <span class='ocrx_word' id='word_1_126' title='bbox 684 1819 816 1872; x_wconf 85' lang='lat' dir='ltr'><strong>extremo</strong></span> <span class='ocrx_word' id='word_1_127' title='bbox 845 1811 1018 1890; x_wconf 88' lang='lat' dir='ltr'><strong>prohoemio</strong></span> <span class='ocrx_word' id='word_1_128' title='bbox 1055 1812 1229 1874; x_wconf 85' lang='lat' dir='ltr'><strong>conlocatus</strong></span> 
     </span>
     <span class='ocr_line' id='line_1_15' title="bbox 119 1917 1229 1999; baseline -0.002 -16"><span class='ocrx_word' id='word_1_129' title='bbox 119 1922 171 1983; x_wconf 85' lang='lat' dir='ltr'><strong>luit</strong></span> <span class='ocrx_word' id='word_1_130' title='bbox 198 1938 319 1997; x_wconf 87' lang='lat' dir='ltr'><strong>uersus,</strong></span> <span class='ocrx_word' id='word_1_131' title='bbox 359 1936 416 1999; x_wconf 85' lang='lat' dir='ltr'><strong>quo</strong></span> <span class='ocrx_word' id='word_1_132' title='bbox 441 1917 558 1979; x_wconf 84' lang='lat' dir='ltr'><strong>Persius</strong></span> <span class='ocrx_word' id='word_1_133' title='bbox 586 1918 674 1978; x_wconf 89' lang='lat' dir='ltr'><strong>utitur</strong></span> <span class='ocrx_word' id='word_1_134' title='bbox 699 1919 760 1980; x_wconf 86' lang='lat' dir='ltr'><strong>Sat.</strong></span> <span class='ocrx_word' id='word_1_135' title='bbox 784 1919 820 1996; x_wconf 89' lang='lat'><strong>6,</strong></span> <span class='ocrx_word' id='word_1_136' title='bbox 850 1918 869 1980; x_wconf 89' lang='lat'>9</span> <span class='ocrx_word' id='word_1_137' title='bbox 894 1917 999 1999; x_wconf 77' lang='lat' dir='ltr'>(XV),</span> <span class='ocrx_word' id='word_1_138' title='bbox 1034 1936 1120 1997; x_wconf 86' lang='lat' dir='ltr'><strong>quem</strong></span> <span class='ocrx_word' id='word_1_139' title='bbox 1151 1921 1229 1999; x_wconf 86' lang='lat' dir='ltr'><strong>quod</strong></span> 
     </span>
     <span class='ocr_line' id='line_1_16' title="bbox 118 2023 1231 2106; baseline -0.001 -17"><span class='ocrx_word' id='word_1_140' title='bbox 118 2029 248 2090; x_wconf 76' lang='lat' dir='ltr'><strong>editores</strong></span> <span class='ocrx_word' id='word_1_141' title='bbox 264 2027 376 2087; x_wconf 89' lang='lat' dir='ltr'><strong>somnio</strong></span> <span class='ocrx_word' id='word_1_142' title='bbox 394 2033 593 2105; x_wconf 85' lang='lat' dir='ltr'><strong>praeponunt,</strong></span> <span class='ocrx_word' id='word_1_143' title='bbox 614 2023 773 2084; x_wconf 88' lang='lat' dir='ltr'><strong>oscitanter</strong></span> <span class='ocrx_word' id='word_1_144' title='bbox 788 2023 917 2086; x_wconf 85' lang='lat' dir='ltr'><strong>Persium</strong></span> <span class='ocrx_word' id='word_1_145' title='bbox 932 2025 1109 2105; x_wconf 85' lang='lat' dir='ltr'><strong>inspexere,</strong></span> <span class='ocrx_word' id='word_1_146' title='bbox 1130 2028 1179 2106; x_wconf 84' lang='lat' dir='ltr'><strong>qui</strong></span> <span class='ocrx_word' id='word_1_147' title='bbox 1195 2027 1231 2088; x_wconf 89' lang='lat' dir='ltr'><strong>ab</strong></span> 
     </span>
     <span class='ocr_line' id='line_1_17' title="bbox 119 2122 1231 2216; baseline -0.003 -20"><span class='ocrx_word' id='word_1_148' title='bbox 119 2132 296 2216; x_wconf 76' lang='lat' dir='ltr'><strong>&#39;experrecto</strong></span> <span class='ocrx_word' id='word_1_149' title='bbox 322 2141 410 2213; x_wconf 81' lang='lat' dir='ltr'><strong>po&#39;e&#39;ta</strong></span> <span class='ocrx_word' id='word_1_150' title='bbox 425 2122 552 2211; x_wconf 83' lang='lat' dir='ltr'><strong>‘portum</strong></span> <span class='ocrx_word' id='word_1_151' title='bbox 567 2130 673 2191; x_wconf 91' lang='lat' dir='ltr'><strong>Lunae’</strong></span> <span class='ocrx_word' id='word_1_152' title='bbox 698 2131 808 2192; x_wconf 91' lang='lat' dir='ltr'><strong>laudari</strong></span> <span class='ocrx_word' id='word_1_153' title='bbox 830 2132 968 2193; x_wconf 88' lang='lat' dir='ltr'><strong>indicauit</strong></span> <span class='ocrx_word' id='word_1_154' title='bbox 983 2143 1104 2213; x_wconf 90' lang='lat' dir='ltr'><strong>aperte:</strong></span> <span class='ocrx_word' id='word_1_155' title='bbox 1127 2133 1157 2194; x_wconf 95' lang='lat' dir='ltr'><strong>in</strong></span> <span class='ocrx_word' id='word_1_156' title='bbox 1172 2149 1231 2211; x_wconf 81' lang='lat' dir='ltr'><strong>quo</strong></span> 
     </span>
     <span class='ocr_line' id='line_1_18' title="bbox 119 2233 1231 2323; baseline -0.002 -21"><span class='ocrx_word' id='word_1_157' title='bbox 119 2252 205 2323; x_wconf 91' lang='lat' dir='ltr'><strong>portu</strong></span> <span class='ocrx_word' id='word_1_158' title='bbox 224 2238 346 2300; x_wconf 84' lang='lat' dir='ltr'><strong>Ennium</strong></span> <span class='ocrx_word' id='word_1_159' title='bbox 368 2235 439 2296; x_wconf 92' lang='lat' dir='ltr'><strong>illud</strong></span> <span class='ocrx_word' id='word_1_160' title='bbox 459 2233 591 2296; x_wconf 90' lang='lat' dir='ltr'><strong>mirabile</strong></span> <span class='ocrx_word' id='word_1_161' title='bbox 612 2237 752 2297; x_wconf 91' lang='lat' dir='ltr'><strong>somnium</strong></span> <span class='ocrx_word' id='word_1_162' title='bbox 773 2240 883 2302; x_wconf 88' lang='lat' dir='ltr'><strong>uidisse</strong></span> <span class='ocrx_word' id='word_1_163' title='bbox 906 2241 1045 2301; x_wconf 88' lang='lat' dir='ltr'><strong>conicias.</strong></span> <span class='ocrx_word' id='word_1_164' title='bbox 1083 2238 1129 2300; x_wconf 91' lang='lat' dir='ltr'><strong>De</strong></span> <span class='ocrx_word' id='word_1_165' title='bbox 1153 2239 1231 2300; x_wconf 78' lang='lat' dir='ltr'><strong>Luna</strong></span> 
     </span>
    </p>

    <p class='ocr_par' dir='ltr' id='par_1_3' title="bbox 72 2339 1273 4230">
     <span class='ocr_line' id='line_1_19' title="bbox 119 2339 1231 2429; baseline -0.004 -20"><span class='ocrx_word' id='word_1_166' title='bbox 119 2349 187 2429; x_wconf 87' lang='lat' dir='ltr'><strong>quid</strong></span> <span class='ocrx_word' id='word_1_167' title='bbox 209 2356 327 2408; x_wconf 87' lang='lat' dir='ltr'><strong>ueteres</strong></span> <span class='ocrx_word' id='word_1_168' title='bbox 343 2342 522 2418; x_wconf 82' lang='lat' dir='ltr'><strong>tradiderint,</strong></span> <span class='ocrx_word' id='word_1_169' title='bbox 541 2341 608 2401; x_wconf 94' lang='lat' dir='ltr'><strong>uide</strong></span> <span class='ocrx_word' id='word_1_170' title='bbox 623 2342 651 2401; x_wconf 91' lang='lat' dir='ltr'><strong>in</strong></span> <span class='ocrx_word' id='word_1_171' title='bbox 663 2339 697 2400; x_wconf 92' lang='lat'><strong>0.</strong></span> <span class='ocrx_word' id='word_1_172' title='bbox 709 2340 804 2404; x_wconf 90' lang='lat' dir='ltr'><strong>Jahnii</strong></span> <span class='ocrx_word' id='word_1_173' title='bbox 820 2346 856 2407; x_wconf 89' lang='lat' dir='ltr'><strong>ad</strong></span> <span class='ocrx_word' id='word_1_174' title='bbox 868 2346 997 2407; x_wconf 88' lang='lat' dir='ltr'><strong>Persium</strong></span> <span class='ocrx_word' id='word_1_175' title='bbox 1011 2346 1231 2407; x_wconf 86' lang='lat' dir='ltr'><strong>commentario.</strong></span> 
     </span>
     <span class='ocr_line' id='line_1_20' title="bbox 72 2446 1231 2539; baseline -0.003 -25"><span class='ocrx_word' id='word_1_176' title='bbox 72 2446 74 2450; x_wconf 68' lang='grc'><strong>’</strong></span> <span class='ocrx_word' id='word_1_177' title='bbox 205 2454 273 2534; x_wconf 88' lang='lat' dir='ltr'><strong>lpse</strong></span> <span class='ocrx_word' id='word_1_178' title='bbox 296 2451 421 2511; x_wconf 90' lang='lat' dir='ltr'><strong>narratio</strong></span> <span class='ocrx_word' id='word_1_179' title='bbox 445 2447 595 2539; x_wconf 78' lang='lat' dir='ltr'><strong>exorditur</strong></span> <span class='ocrx_word' id='word_1_180' title='bbox 615 2465 631 2508; x_wconf 93' lang='lat' dir='ltr'><strong>a</strong></span> <span class='ocrx_word' id='word_1_181' title='bbox 653 2447 741 2507; x_wconf 93' lang='lat' dir='ltr'><strong>rebus</strong></span> <span class='ocrx_word' id='word_1_182' title='bbox 753 2448 891 2512; x_wconf 83' lang='lat' dir='ltr'><strong>Aeneae:</strong></span> <span class='ocrx_word' id='word_1_183' title='bbox 916 2453 952 2514; x_wconf 90' lang='lat' dir='ltr'><strong>ad</strong></span> <span class='ocrx_word' id='word_1_184' title='bbox 975 2471 1061 2532; x_wconf 87' lang='lat' dir='ltr'><strong>quem</strong></span> <span class='ocrx_word' id='word_1_185' title='bbox 1078 2469 1231 2532; x_wconf 90' lang='lat' dir='ltr'><strong>quaeper-</strong></span> 
     </span>
     <span class='ocr_line' id='line_1_21' title="bbox 121 2554 1232 2639; baseline -0.004 -17"><span class='ocrx_word' id='word_1_186' title='bbox 121 2563 212 2623; x_wconf 91' lang='lat' dir='ltr'><strong>tinent</strong></span> <span class='ocrx_word' id='word_1_187' title='bbox 234 2566 282 2619; x_wconf 87' lang='lat' dir='ltr'><strong>ant</strong></span> <span class='ocrx_word' id='word_1_188' title='bbox 306 2556 457 2617; x_wconf 89' lang='lat' dir='ltr'><strong>uideantur</strong></span> <span class='ocrx_word' id='word_1_189' title='bbox 470 2555 618 2634; x_wconf 92' lang='lat' dir='ltr'><strong>pertinere</strong></span> <span class='ocrx_word' id='word_1_190' title='bbox 637 2554 798 2632; x_wconf 84' lang='lat' dir='ltr'><strong>fragmenta</strong></span> <span class='ocrx_word' id='word_1_191' title='bbox 820 2558 908 2621; x_wconf 92' lang='lat' dir='ltr'><strong>hodie</strong></span> <span class='ocrx_word' id='word_1_192' title='bbox 926 2559 1232 2639; x_wconf 85' lang='lat' dir='ltr'><strong>duodeuigintisnper</strong></span> 
     </span>
     <span class='ocr_line' id='line_1_22' title="bbox 121 2657 1231 2746; baseline -0.003 -18"><span class='ocrx_word' id='word_1_193' title='bbox 121 2675 187 2729; x_wconf 92' lang='lat' dir='ltr'><strong>suot</strong></span> <span class='ocrx_word' id='word_1_194' title='bbox 210 2659 489 2744; x_wconf 76' lang='lat' dir='ltr'><strong>(rtur-xxxin).</strong></span> <span class='ocrx_word' id='word_1_195' title='bbox 528 2657 637 2721; x_wconf 85' lang='lat' dir='ltr'><strong>Eorum</strong></span> <span class='ocrx_word' id='word_1_196' title='bbox 660 2680 765 2740; x_wconf 84' lang='lat' dir='ltr'><strong>agmen</strong></span> <span class='ocrx_word' id='word_1_197' title='bbox 780 2663 917 2743; x_wconf 86' lang='lat' dir='ltr'><strong>ducitis,</strong></span> <span class='ocrx_word' id='word_1_198' title='bbox 941 2685 1027 2746; x_wconf 86' lang='lat' dir='ltr'><strong>quem</strong></span> <span class='ocrx_word' id='word_1_199' title='bbox 1042 2674 1074 2726; x_wconf 90' lang='lat' dir='ltr'><strong>et</strong></span> <span class='ocrx_word' id='word_1_200' title='bbox 1089 2665 1158 2726; x_wconf 91' lang='lat' dir='ltr'><strong>olim</strong></span> <span class='ocrx_word' id='word_1_201' title='bbox 1175 2667 1231 2745; x_wconf 92' lang='lat' dir='ltr'><strong>pri·</strong></span> 
     </span>
     <span class='ocr_line' id='line_1_23' title="bbox 121 2765 1273 2857; baseline -0.003 -23"><span class='ocrx_word' id='word_1_202' title='bbox 121 2791 197 2835; x_wconf 92' lang='lat' dir='ltr'><strong>mum</strong></span> <span class='ocrx_word' id='word_1_203' title='bbox 219 2772 311 2832; x_wconf 87' lang='lat' dir='ltr'><strong>luisse</strong></span> <span class='ocrx_word' id='word_1_204' title='bbox 333 2765 505 2827; x_wconf 72' lang='lat' dir='ltr'><strong>narrationis</strong></span> <span class='ocrx_word' id='word_1_205' title='bbox 528 2767 644 2846; x_wconf 87' lang='lat' dir='ltr'><strong>opinor,</strong></span> <span class='ocrx_word' id='word_1_206' title='bbox 666 2786 770 2857; x_wconf 88' lang='lat' dir='ltr'><strong>uersus</strong></span> <span class='ocrx_word' id='word_1_207' title='bbox 792 2788 809 2830; x_wconf 87' lang='lat' dir='ltr'><strong>e</strong></span> <span class='ocrx_word' id='word_1_208' title='bbox 831 2770 980 2834; x_wconf 90' lang='lat' dir='ltr'><strong>Prisciano</strong></span> <span class='ocrx_word' id='word_1_209' title='bbox 1005 2771 1046 2832; x_wconf 95' lang='lat' dir='ltr'><strong>lll</strong></span> <span class='ocrx_word' id='word_1_210' title='bbox 1073 2790 1101 2850; x_wconf 90' lang='lat' dir='ltr'><strong>p.</strong></span> <span class='ocrx_word' id='word_1_211' title='bbox 1123 2770 1229 2833; x_wconf 61' lang='lat'><strong>6071).</strong></span> <span class='ocrx_word' id='word_1_212' title='bbox 1268 2814 1273 2822; x_wconf 77' lang='lat'><em>-</em></span> 
     </span>
     <span class='ocr_line' id='line_1_24' title="bbox 122 2872 1233 2956; baseline -0.005 -14"><span class='ocrx_word' id='word_1_213' title='bbox 122 2880 255 2943; x_wconf 90' lang='lat' dir='ltr'><strong>laudatus</strong></span> <span class='ocrx_word' id='word_1_214' title='bbox 280 2872 391 2955; x_wconf 83' lang='lat' dir='ltr'><strong>(xvi),</strong></span> <span class='ocrx_word' id='word_1_215' title='bbox 425 2872 506 2932; x_wconf 89' lang='lat' dir='ltr'><strong>cuius</strong></span> <span class='ocrx_word' id='word_1_216' title='bbox 528 2881 558 2932; x_wconf 90' lang='lat' dir='ltr'><strong>ut</strong></span> <span class='ocrx_word' id='word_1_217' title='bbox 581 2874 667 2955; x_wconf 89' lang='lat' dir='ltr'><strong>plana</strong></span> <span class='ocrx_word' id='word_1_218' title='bbox 690 2885 736 2936; x_wconf 92' lang='lat' dir='ltr'><strong>est</strong></span> <span class='ocrx_word' id='word_1_219' title='bbox 759 2880 920 2956; x_wconf 88' lang='lat' dir='ltr'><strong>sententia,</strong></span> <span class='ocrx_word' id='word_1_220' title='bbox 939 2882 977 2941; x_wconf 91' lang='lat' dir='ltr'><strong>ita</strong></span> <span class='ocrx_word' id='word_1_221' title='bbox 999 2896 1057 2939; x_wconf 92' lang='lat' dir='ltr'><strong>non</strong></span> <span class='ocrx_word' id='word_1_222' title='bbox 1079 2878 1186 2939; x_wconf 86' lang='lat' dir='ltr'><strong>diutius</strong></span> <span class='ocrx_word' id='word_1_223' title='bbox 1205 2879 1233 2937; x_wconf 93' lang='lat' dir='ltr'><strong>in</strong></span> 
     </span>
     <span class='ocr_line' id='line_1_25' title="bbox 122 2983 1232 3060; baseline -0.001 -14"><span class='ocrx_word' id='word_1_224' title='bbox 122 2985 229 3046; x_wconf 86' lang='lat' dir='ltr'><strong>Troiae</strong></span> <span class='ocrx_word' id='word_1_225' title='bbox 248 2983 330 3044; x_wconf 90' lang='lat' dir='ltr'><strong>ruina</strong></span> <span class='ocrx_word' id='word_1_226' title='bbox 352 2988 559 3042; x_wconf 88' lang='lat' dir='ltr'><strong>commoratum</strong></span> <span class='ocrx_word' id='word_1_227' title='bbox 584 2988 702 3060; x_wconf 70' lang='lat' dir='ltr'><strong>poetam</strong></span> <span class='ocrx_word' id='word_1_228' title='bbox 718 2983 853 3044; x_wconf 87' lang='lat' dir='ltr'><strong>ostendit.</strong></span> <span class='ocrx_word' id='word_1_229' title='bbox 918 2983 1064 3045; x_wconf 77' lang='lat' dir='ltr'><strong>Anchises</strong></span> <span class='ocrx_word' id='word_1_230' title='bbox 1082 2984 1232 3045; x_wconf 83' lang='lat' dir='ltr'><strong>aVenere</strong></span> 
     </span>
     <span class='ocr_line' id='line_1_26' title="bbox 122 3086 1234 3171; baseline -0.002 -18"><span class='ocrx_word' id='word_1_231' title='bbox 122 3092 244 3154; x_wconf 90' lang='lat' dir='ltr'><strong>edoctus</strong></span> <span class='ocrx_word' id='word_1_232' title='bbox 269 3089 390 3170; x_wconf 90' lang='lat' dir='ltr'><strong>patriam</strong></span> <span class='ocrx_word' id='word_1_233' title='bbox 408 3086 488 3147; x_wconf 87' lang='lat' dir='ltr'><strong>iubet</strong></span> <span class='ocrx_word' id='word_1_234' title='bbox 508 3087 633 3167; x_wconf 90' lang='lat' dir='ltr'><strong>relinqui</strong></span> <span class='ocrx_word' id='word_1_235' title='bbox 656 3090 785 3171; x_wconf 88' lang='lat' dir='ltr'><strong>(XVll):</strong></span> <span class='ocrx_word' id='word_1_236' title='bbox 809 3091 848 3150; x_wconf 90' lang='lat' dir='ltr'><strong>ita</strong></span> <span class='ocrx_word' id='word_1_237' title='bbox 873 3108 974 3149; x_wconf 90' lang='lat' dir='ltr'><strong>uersus</strong></span> <span class='ocrx_word' id='word_1_238' title='bbox 996 3092 1128 3171; x_wconf 82' lang='lat' dir='ltr'><strong>accipio,</strong></span> <span class='ocrx_word' id='word_1_239' title='bbox 1159 3110 1234 3171; x_wconf 88' lang='lat' dir='ltr'><strong>quos</strong></span> 
     </span>
     <span class='ocr_line' id='line_1_27' title="bbox 120 3193 1234 3279; baseline -0.003 -18"><span class='ocrx_word' id='word_1_240' title='bbox 120 3200 189 3261; x_wconf 94' lang='lat' dir='ltr'><strong>olim</strong></span> <span class='ocrx_word' id='word_1_241' title='bbox 207 3215 363 3279; x_wconf 91' lang='lat' dir='ltr'><strong>perperam</strong></span> <span class='ocrx_word' id='word_1_242' title='bbox 385 3193 606 3273; x_wconf 78' lang='lat' dir='ltr'><strong>intellegebant,</strong></span> <span class='ocrx_word' id='word_1_243' title='bbox 630 3215 665 3257; x_wconf 91' lang='lat' dir='ltr'><strong>ao</strong></span> <span class='ocrx_word' id='word_1_244' title='bbox 687 3197 766 3258; x_wconf 85' lang='lat' dir='ltr'><strong>lauet</strong></span> <span class='ocrx_word' id='word_1_245' title='bbox 786 3198 960 3274; x_wconf 86' lang='lat' dir='ltr'><strong>sententiae,</strong></span> <span class='ocrx_word' id='word_1_246' title='bbox 980 3198 1057 3279; x_wconf 89' lang='lat' dir='ltr'><strong>quod</strong></span> <span class='ocrx_word' id='word_1_247' title='bbox 1074 3196 1234 3274; x_wconf 77' lang='lat' dir='ltr'><strong>Dionysius</strong></span> 
     </span>
     <span class='ocr_line' id='line_1_28' title="bbox 119 3282 1236 3384; baseline 0.002 -19"><span class='ocrx_word' id='word_1_248' title='bbox 119 3303 386 3366; x_wconf 87' lang='lat' dir='ltr'><strong>Halicarnassensis</strong></span> <span class='ocrx_word' id='word_1_249' title='bbox 407 3301 506 3380; x_wconf 74' lang='lat' dir='ltr'><strong>Antiq.</strong></span> <span class='ocrx_word' id='word_1_250' title='bbox 534 3300 617 3362; x_wconf 88' lang='lat' dir='ltr'><strong>Rom.</strong></span> <span class='ocrx_word' id='word_1_251' title='bbox 641 3301 716 3365; x_wconf 79' lang='lat'><strong>148</strong></span> <span class='ocrx_word' id='word_1_252' title='bbox 748 3322 776 3383; x_wconf 92' lang='lat' dir='ltr'><strong>p.</strong></span> <span class='ocrx_word' id='word_1_253' title='bbox 804 3282 863 3363; x_wconf 82' lang='lat'>1⁰20</span> <span class='ocrx_word' id='word_1_254' title='bbox 886 3301 988 3364; x_wconf 86' lang='lat' dir='ltr'><strong>Reislr.</strong></span> <span class='ocrx_word' id='word_1_255' title='bbox 1014 3305 1052 3364; x_wconf 91' lang='lat' dir='ltr'><strong>de</strong></span> <span class='ocrx_word' id='word_1_256' title='bbox 1075 3305 1236 3384; x_wconf 86' lang='lat' dir='ltr'><strong>Sophoclis</strong></span> 
     </span>
     <span class='ocr_line' id='line_1_29' title="bbox 120 3407 1236 3488; baseline 0.003 -17"><span class='ocrx_word' id='word_1_257' title='bbox 120 3411 290 3472; x_wconf 80' lang='lat' dir='ltr'><strong>Laocoonte</strong></span> <span class='ocrx_word' id='word_1_258' title='bbox 320 3407 423 3484; x_wconf 87' lang='lat' dir='ltr'><strong>tradit,</strong></span> <span class='ocrx_word' id='word_1_259' title='bbox 454 3410 633 3486; x_wconf 90' lang='lat' dir='ltr'><strong>quantumuis</strong></span> <span class='ocrx_word' id='word_1_260' title='bbox 658 3411 831 3488; x_wconf 85' lang='lat' dir='ltr'><strong>ceteroquin</strong></span> <span class='ocrx_word' id='word_1_261' title='bbox 860 3428 895 3470; x_wconf 92' lang='lat' dir='ltr'><strong>ea</strong></span> <span class='ocrx_word' id='word_1_262' title='bbox 922 3410 1075 3488; x_wconf 88' lang='lat' dir='ltr'><strong>tragoedia</strong></span> <span class='ocrx_word' id='word_1_263' title='bbox 1100 3411 1192 3474; x_wconf 91' lang='lat' dir='ltr'><strong>distet</strong></span> <span class='ocrx_word' id='word_1_264' title='bbox 1219 3431 1236 3473; x_wconf 88' lang='lat' dir='ltr'><strong>a</strong></span> 
     </span>
     <span class='ocr_line' id='line_1_30' title="bbox 121 3499 1239 3603; baseline 0.003 -26"><span class='ocrx_word' id='word_1_265' title='bbox 121 3518 260 3577; x_wconf 87' lang='lat' dir='ltr'><strong>memoria</strong></span> <span class='ocrx_word' id='word_1_266' title='bbox 292 3514 390 3574; x_wconf 79' lang='lat' dir='ltr'><strong>Ennii:</strong></span> <span class='ocrx_word' id='word_1_267' title='bbox 432 3516 591 3592; x_wconf 78' lang='grc' dir='ltr'><strong><em>Σοφοκλῆς</em></strong></span> <span class='ocrx_word' id='word_1_268' title='bbox 619 3509 673 3593; x_wconf 68' lang='grc' dir='ltr'><strong>μὲν</strong></span> <span class='ocrx_word' id='word_1_269' title='bbox 698 3507 715 3577; x_wconf 85' lang='grc' dir='ltr'>ὁ</span> <span class='ocrx_word' id='word_1_270' title='bbox 748 3510 968 3603; x_wconf 67' lang='grc' dir='ltr'><strong><em>τραγῳδοποιὸς</em></strong></span> <span class='ocrx_word' id='word_1_271' title='bbox 997 3515 1029 3578; x_wconf 82' lang='grc' dir='ltr'><strong>ἕν</strong></span> <span class='ocrx_word' id='word_1_272' title='bbox 1057 3499 1239 3580; x_wconf 69' lang='grc' dir='ltr'><strong><em>Λοοκόοοντλ</em></strong></span> 
     </span>
     <span class='ocr_line' id='line_1_31' title="bbox 121 3612 1251 3704; baseline -0.001 -20"><span class='ocrx_word' id='word_1_273' title='bbox 121 3617 249 3704; x_wconf 77' lang='grc' dir='ltr'><em>δράματι</em></span> <span class='ocrx_word' id='word_1_274' title='bbox 262 3614 422 3700; x_wconf 77' lang='grc' dir='ltr'><strong><em>μελλούσης</em></strong></span> <span class='ocrx_word' id='word_1_275' title='bbox 436 3612 611 3682; x_wconf 74' lang='grc' dir='ltr'><strong><em>ἁλίσκεσθαι</em></strong></span> <span class='ocrx_word' id='word_1_276' title='bbox 619 3623 670 3700; x_wconf 81' lang='grc' dir='ltr'><strong>τῆς</strong></span> <span class='ocrx_word' id='word_1_277' title='bbox 684 3617 795 3698; x_wconf 84' lang='grc' dir='ltr'><strong><em>πόλεως</em></strong></span> <span class='ocrx_word' id='word_1_278' title='bbox 809 3623 948 3702; x_wconf 78' lang='grc' dir='ltr'><strong><em>πεποίηκε</em></strong></span> <span class='ocrx_word' id='word_1_279' title='bbox 963 3615 1146 3686; x_wconf 80' lang='grc' dir='ltr'><strong>τὸνΑἰνείοιν</strong></span> <span class='ocrx_word' id='word_1_280' title='bbox 1161 3615 1234 3686; x_wconf 67' lang='lat' dir='ltr'><strong>dou·</strong></span> <span class='ocrx_word' id='word_1_281' title='bbox 1244 3678 1251 3691; x_wconf 82' lang='grc'><strong>,,</strong></span> 
     </span>
     <span class='ocr_line' id='line_1_32' title="bbox 121 3718 1238 3810; baseline 0.003 -21"><span class='ocrx_word' id='word_1_282' title='bbox 121 3721 336 3805; x_wconf 80' lang='grc' dir='ltr'><strong>σκενοιζόμενον</strong></span> <span class='ocrx_word' id='word_1_283' title='bbox 353 3725 394 3800; x_wconf 83' lang='grc' dir='ltr'><strong>εἰς</strong></span> <span class='ocrx_word' id='word_1_284' title='bbox 413 3719 468 3805; x_wconf 82' lang='grc' dir='ltr'><strong>τὴν</strong></span> <span class='ocrx_word' id='word_1_285' title='bbox 484 3718 583 3805; x_wconf 81' lang='grc' dir='ltr'><em>Ἴδην,</em></span> <span class='ocrx_word' id='word_1_286' title='bbox 610 3726 805 3789; x_wconf 80' lang='grc' dir='ltr'><strong><em>κελευσθέντα</em></strong></span> <span class='ocrx_word' id='word_1_287' title='bbox 821 3719 880 3791; x_wconf 74' lang='grc' dir='ltr'><strong>ὑπὸ</strong></span> <span class='ocrx_word' id='word_1_288' title='bbox 896 3733 948 3790; x_wconf 82' lang='grc' dir='ltr'><strong>τοῦ</strong></span> <span class='ocrx_word' id='word_1_289' title='bbox 970 3721 1238 3810; x_wconf 66' lang='grc' dir='ltr'><strong>ποτοόςᾎγχίσον</strong></span> 
     </span>
     <span class='ocr_line' id='line_1_33' title="bbox 122 3821 1237 3915; baseline 0.003 -20"><span class='ocrx_word' id='word_1_290' title='bbox 122 3824 214 3896; x_wconf 74' lang='grc' dir='ltr'><strong><em>κατὰ</em></strong></span> <span class='ocrx_word' id='word_1_291' title='bbox 235 3825 300 3914; x_wconf 75' lang='grc' dir='ltr'><strong>τὴν</strong></span> <span class='ocrx_word' id='word_1_292' title='bbox 324 3828 473 3914; x_wconf 81' lang='grc' dir='ltr'><em>μνήμην</em></span> <span class='ocrx_word' id='word_1_293' title='bbox 497 3821 755 3913; x_wconf 79' lang='grc' dir='ltr'><strong>ὦνἈφροδίτη</strong></span> <span class='ocrx_word' id='word_1_294' title='bbox 777 3832 961 3914; x_wconf 76' lang='grc' dir='ltr'><strong><em>ἐπέσκηψε</em></strong></span> <span class='ocrx_word' id='word_1_295' title='bbox 1030 3832 1133 3895; x_wconf 87' lang='lat' dir='ltr'><strong>Habeo</strong></span> <span class='ocrx_word' id='word_1_296' title='bbox 1150 3855 1237 3915; x_wconf 90' lang='lat' dir='ltr'><strong>prae·</strong></span> 
     </span>
     <span class='ocr_line' id='line_1_34' title="bbox 121 3938 1236 4019; baseline 0.005 -20"><span class='ocrx_word' id='word_1_297' title='bbox 121 3949 204 4000; x_wconf 90' lang='lat' dir='ltr'><strong>terea</strong></span> <span class='ocrx_word' id='word_1_298' title='bbox 226 3941 282 4001; x_wconf 94' lang='lat' dir='ltr'><strong>duo</strong></span> <span class='ocrx_word' id='word_1_299' title='bbox 307 3958 382 4019; x_wconf 86' lang='lat' dir='ltr'><strong>quae</strong></span> <span class='ocrx_word' id='word_1_300' title='bbox 405 3941 441 4001; x_wconf 89' lang='lat' dir='ltr'><strong>ad</strong></span> <span class='ocrx_word' id='word_1_301' title='bbox 456 3938 614 4000; x_wconf 82' lang='lat' dir='ltr'><strong>Anchisam</strong></span> <span class='ocrx_word' id='word_1_302' title='bbox 632 3939 757 4001; x_wconf 90' lang='lat' dir='ltr'><strong>releram</strong></span> <span class='ocrx_word' id='word_1_303' title='bbox 772 3942 952 4018; x_wconf 80' lang='lat' dir='ltr'><strong>fragmenta,</strong></span> <span class='ocrx_word' id='word_1_304' title='bbox 977 3942 1023 4001; x_wconf 92' lang='lat' dir='ltr'><strong>cui</strong></span> <span class='ocrx_word' id='word_1_305' title='bbox 1043 3946 1177 4004; x_wconf 83' lang='lat' dir='ltr'><strong>exoranti</strong></span> <span class='ocrx_word' id='word_1_306' title='bbox 1195 3947 1236 4005; x_wconf 92' lang='lat' dir='ltr'><strong>in·</strong></span> 
     </span>
     <span class='ocr_line' id='line_1_35' title="bbox 122 4046 1235 4125; baseline 0.006 -20"><span class='ocrx_word' id='word_1_307' title='bbox 122 4048 283 4125; x_wconf 72' lang='lat' dir='ltr'><strong>montique,</strong></span> <span class='ocrx_word' id='word_1_308' title='bbox 313 4055 343 4107; x_wconf 87' lang='lat' dir='ltr'><strong>ut</strong></span> <span class='ocrx_word' id='word_1_309' title='bbox 366 4065 437 4108; x_wconf 90' lang='lat' dir='ltr'><strong>suae</strong></span> <span class='ocrx_word' id='word_1_310' title='bbox 456 4047 621 4106; x_wconf 87' lang='lat' dir='ltr'><strong>auctoritati</strong></span> <span class='ocrx_word' id='word_1_311' title='bbox 644 4047 728 4107; x_wconf 89' lang='lat' dir='ltr'><strong>cedat</strong></span> <span class='ocrx_word' id='word_1_312' title='bbox 748 4046 885 4123; x_wconf 83' lang='lat' dir='ltr'><strong>Aeneas,</strong></span> <span class='ocrx_word' id='word_1_313' title='bbox 910 4047 1048 4107; x_wconf 91' lang='lat' dir='ltr'><strong>conuenit</strong></span> <span class='ocrx_word' id='word_1_314' title='bbox 1066 4047 1102 4107; x_wconf 88' lang='lat' dir='ltr'><strong>ir.</strong></span> <span class='ocrx_word' id='word_1_315' title='bbox 1121 4048 1235 4112; x_wconf 89' lang='lat' dir='ltr'><strong>XVlll:</strong></span> 
     </span>
     <span class='ocr_line' id='line_1_36' title="bbox 122 4153 1236 4230; baseline 0.005 -17"><span class='ocrx_word' id='word_1_316' title='bbox 122 4162 151 4213; x_wconf 90' lang='lat' dir='ltr'><strong>et</strong></span> <span class='ocrx_word' id='word_1_317' title='bbox 179 4173 216 4214; x_wconf 87' lang='lat' dir='ltr'><strong>ex</strong></span> <span class='ocrx_word' id='word_1_318' title='bbox 244 4155 363 4214; x_wconf 90' lang='lat' dir='ltr'><strong>incertis</strong></span> <span class='ocrx_word' id='word_1_319' title='bbox 394 4173 451 4214; x_wconf 92' lang='lat' dir='ltr'><strong>noo</strong></span> <span class='ocrx_word' id='word_1_320' title='bbox 481 4153 664 4214; x_wconf 87' lang='lat' dir='ltr'><strong>incommoda</strong></span> <span class='ocrx_word' id='word_1_321' title='bbox 690 4153 745 4230; x_wconf 93' lang='lat' dir='ltr'><strong>ipsi</strong></span> <span class='ocrx_word' id='word_1_322' title='bbox 774 4153 910 4212; x_wconf 86' lang='lat' dir='ltr'><strong>uaticinio</strong></span> <span class='ocrx_word' id='word_1_323' title='bbox 934 4154 1079 4213; x_wconf 85' lang='lat' dir='ltr'><strong>sententia</strong></span> <span class='ocrx_word' id='word_1_324' title='bbox 1101 4161 1153 4214; x_wconf 83' lang='lat' dir='ltr'><strong>sed</strong></span> <span class='ocrx_word' id='word_1_325' title='bbox 1173 4164 1236 4219; x_wconf 82' lang='lat' dir='ltr'><strong>sola</strong></span> 
     </span>
    </p>
   </div>
   <div class='ocr_carea' id='block_1_3' title="bbox 120 4255 1280 4354">
    <p class='ocr_par' dir='ltr' id='par_1_4' title="bbox 120 4255 1280 4354">
     <span class='ocr_line' id='line_1_37' title="bbox 120 4255 1280 4354; baseline 0.003 -30"><span class='ocrx_word' id='word_1_326' title='bbox 120 4271 261 4324; x_wconf 82' lang='lat' dir='ltr'><strong>terrorum</strong></span> <span class='ocrx_word' id='word_1_327' title='bbox 277 4272 426 4342; x_wconf 79' lang='lat' dir='ltr'><strong>postquam</strong></span> <span class='ocrx_word' id='word_1_328' title='bbox 448 4280 601 4339; x_wconf 81' lang='lat' dir='ltr'><strong>permensa</strong></span> <span class='ocrx_word' id='word_1_329' title='bbox 621 4255 781 4336; x_wconf 72' lang='lat' dir='ltr'><strong>parumper</strong></span> <span class='ocrx_word' id='word_1_330' title='bbox 806 4258 884 4336; x_wconf 88' lang='lat' dir='ltr'><strong>(inc.</strong></span> <span class='ocrx_word' id='word_1_331' title='bbox 915 4258 976 4320; x_wconf 91' lang='lat' dir='ltr'><strong>sed.</strong></span> <span class='ocrx_word' id='word_1_332' title='bbox 1002 4256 1054 4337; x_wconf 92' lang='lat' dir='ltr'><strong>l):</strong></span> <span class='ocrx_word' id='word_1_333' title='bbox 1088 4279 1175 4340; x_wconf 88' lang='lat' dir='ltr'><strong>quam</strong></span> <span class='ocrx_word' id='word_1_334' title='bbox 1199 4282 1236 4326; x_wconf 94' lang='lat' dir='ltr'><strong>ne</strong></span> <span class='ocrx_word' id='word_1_335' title='bbox 1272 4342 1280 4354; x_wconf 92' lang='lat'><em>.</em></span> 
     </span>
    </p>
   </div>
   <div class='ocr_carea' id='block_1_4' title="bbox 0 0 1434 4988">
    <p class='ocr_par' dir='ltr' id='par_1_5' title="bbox 0 0 1434 4988">
     <span class='ocr_line' id='line_1_38' title="bbox 0 0 1434 4988; baseline 0 0"><span class='ocrx_word' id='word_1_336' title='bbox 0 0 1434 4988; x_wconf 95' lang='lat' dir='ltr'><strong> </strong></span> 
     </span>
    </p>
   </div>
  </div>
 </body>
</html>
