2834 4988
585 363 815 420 ENNIANAE

316 525 413 609 ζῶντ’,
435 521 503 592 dtt’
527 523 628 604 ἒτιώζει
649 527 800 590 salmonei
818 505 920 609 ψυχὰν
939 529 1024 621 ἔχειν.

271 681 279 695 .
317 625 350 694 τὸ
370 622 520 710 δὲ’σοῳόν
541 625 561 694 ἆ
581 627 671 717 φύσις
690 622 857 692 τόδάἶδεν
878 623 917 704 ὡς
938 630 995 710 ἔχει
1091 696 1094 702 .

266 741 267 744 ’
316 729 409 814 μόνα·
431 735 621 797 πεπαίδευται
642 727 700 814 γὰρ
722 722 869 806 αιἰταύτας
888 726 957 798 ὖπό.
1020 806 1024 813 .

149 863 270 937 Quare
292 862 356 920 cum
374 878 431 920 non
454 859 542 921 lacile
563 858 633 920 alibi
656 861 789 938 quaru‘in
812 861 985 938 cognomine
1008 864 1136 924 carmine
1156 828 1262 945 proba·

149 969 212 1029 bile
233 972 271 1028 sit
286 967 407 1027 Ennium
423 963 515 1025 Siculi
535 983 639 1025 uersus
662 983 697 1026 ac
720 967 878 1026 sententias
900 971 1100 1047 conuertisse,
1124 971 1192 1033 huic
1209 991 1262 1053 po·

147 1079 205 1136 tius
230 1074 348 1136 carmini
370 1090 455 1152 quam
478 1070 620 1132 annalium
641 1071 813 1151 prohoemio
837 1090 941 1132 uersus
959 1072 1032 1134 'illos
1051 1083 1121 1137 'curn
1154 1082 1263 1140 ceteris

146 1184 250 1244 iubent
271 1181 381 1243 inlerri.
419 1178 462 1249 m
474 1187 570 1238 tamen
585 1176 708 1238 Ennium
731 1181 759 1238 in
775 1196 812 1238 eo
831 1181 957 1241 carmine
973 1184 1101 1243 nonnisi
1116 1185 1260 1265 interpre-

147 1290 334 1367 temegisse
356 1285 523 1365 Epicharmi
549 1284 642 1351 ‚uelim
666 1284 788 1365 primum
814 1286 882 1347 mihi
905 1273 970 1349 aliis
997 1307 1081 1368 quam
1104 1291 1163 1352 illis
1186 1311 1261 1372 quos

108 1441 110 1444 -
147 1395 345 1476 supraposui
368 1391 488 1454 Graecis
516 1391 652 1452 uersibus
674 1393 809 1473 probari:
838 1394 942 1474 quibus
971 1396 1071 1456 mirum
1099 1407 1145 1457 est
1172 1416 1260 1478 quos-

146 1505 214 1565 dam
248 1501 313 1563 non'
337 1501 446 1562 uidisse
478 1502 650 1562 sententiam
679 1503 821 1562 contineri
858 1519 980 1580 prorsus
1016 1505 1188 1576 contrariam
1221 1505 1261 1585 ei,

147 1629 234 1690 quem
264 1626 339 1689 quos
368 1607 435 1667 inde
464 1615 617 1686 promptos
646 1609 749 1668 uolunt
777 1627 882 1669 uersus
902 1609 993 1670 Latini
1016 1605 1164 1671 indicant.
1196 1612 1261 1675 Nec

147 1719 197 1797 qui
219 1716 325 1778 Latinis
341 1714 426 1776 Ennii
456 1712 529 1772 uelit
552 1710 673 1773 Graecis
700 1715 762 1775 istis
793 1715 968 1795 responderi
995 1717 1084 1779 hebet
1109 1720 1257 1799 prolecto,

147 1841 208 1903 quo
226 1824 349 1884 maxime
369 1807 565 1882 coniecturam
577 1827 695 1897 tutetur.
719 1817 765 1880 Gi.
782 1820 812 1880 L.
826 1820 1002 1883 Schmidtius
1016 1823 1137 1898 Quaest.
1150 1827 1255 1908 Epich.

146 1950 178 2011 p.
202 1929 242 1990 52
265 1948 310 2009 sq.
344 1929 404 1990 Sed
420 1922 485 1988 esto
509 1935 541 1986 ut
562 1926 604 1986 illi
623 1927 724 1989 uolunt
744 1929 924 1987 conuerterit
939 1927 1048 1988 Ennius
1064 1931 1257 2010 Epicharmos

146 2048 179 2099 et
203 2038 384 2099 conuertcrlt
412 2036 498 2118 etiam
519 2033 598 2094 illam
620 2051 696 2112 quae
718 2032 838 2094 Graecis
865 2032 963 2093 uerbis
978 2035 1098 2110 ‚relicua
1120 2047 1167 2098 est
1192 2057 1258 2100 sen-

146 2146 281 2220 tentiam,
309 2142 376 2203 inde
400 2159 504 2202 uersus
529 2140 598 2201 illos
628 2140 815 2201 hexametros
845 2118 902 2199 non
929 2158 1116 2220 consequens
1142 2146 1198 2205 erit
1226 2154 1257 2207 ut

146 2251 323 2331 Epicharmo
342 2249 491 2310 attribuas.
532 2247 627 2308 Potuit
644 2249 718 2307 enim
734 2245 861 2322 Ennius,
885 2265 949 2339 com
961 2247 1000 2307 in
1025 2251 1166 2311 annalium
1188 2270 1263 2332 pro·,

145 2351 269 2421 hoemio'
293 2368 323 2419 et
350 2354 565 2438 philosophiam
594 2355 809 2432 attingeret-et
836 2354 917 2414 illurn
946 2354 1042 2416 locum
1069 2359 1118 2436 qui
1146 2369 1193 2420 est
1219 2361 1257 2421 de

146 2477 247 2529 nature
274 2468 445 2539 annuarum,
487 2460 666 2551 commodam
694 2458 859 2539 Epicharmi
891 2465 1063 2525 sententiam
1095 2462 1275 2546 asciscere,¹

146 2594 233 2655 quam
261 2582 367 2654 postea
392 2571 421 2629 in
449 2568 645 2648 Epicharmo,
679 2568 703 2627 si
731 2567 846 2669 quidem
871 2568 929 2630 hoc
961 2589 1078 2667 carmen
1109 2576 1257 2653 posterius

146 2689 193 2742 est
210 2679 379 2755 annalibus,
404 2677 525 2756 propius
544 2671 656 2734 Graeca
674 2683 793 2735 secutus
815 2661 1011 2767 expressurus
1034 2689 1106 2741 erat
1150 2681 1256 2760 Potuit,

145 2791 276 2868 inquam,
308 2767 432 2876 Ennius:
474 2785 560 2842 immo
595 2767 797 2856 commendant
828 2783 971 2844 nationem
1004 2775 1150 2864 quaedam
1180 2805 1257 2866 quae

145 2895 234 2955 hodie
255 2901 356 2955 extant
381 2891 552 2969 fragmenta
598 2888 692 2963 Quem
714 2891 790 2950 enim
812 2888 907 2951 Varro'
934 2891 971 2951 de
996 2892 1074 2952 nb
1098 2891 1185 2954 Voo
1215 2894 1254 2954 Μ.

1335 654 1404 777 ’,θ’

1351 800 1365 843 d

145 3000 274 3061 laudauit
310 2997 509 3059 hexametrum
548 2999 679 3072 terraque
719 3016 823 3070 corpus
857 3001 935 3069 Quae
970 3002 1042 3059 dedit
1084 2992 1146 3077 ἱρέα
1181 3008 1258 3078 capit
1360 3039 1363 3044 -

144 3113 232 3182 cepoe
255 3099 385 3181 dependi
401 3109 472 3182 facit
489 3108 574 3164 hilum
597 3099 716 3180 (XIII),
749 3103 777 3160 ei
796 3105 851 3163 nisi
873 3122 1056 3184 comparem,
1079 3116 1108 3167 at
1129 3108 1253 3167 similem

140 3212 318 3272 sententiam
347 3211 396 3272 hic
426 3229 530 3272 uersus
554 3211 690 3300 pontinet
718 3226 774 3285 eo,
816 3226 902 3287 quem
934 3202 1048 3271 unicum
1075 3212 1254 3293 Epicharmo

144 3318 340 3405 uindicamus‚
376 3335 499 3403 numero
527 3317 679 3378 trochaico
711 3317 895 3396 conscriptus
927 3321 1011 3378 te'rris
1037 3322 1141 3392 penicis
1168 3322 1255 3378 imnis

140 3411 253 3509 peperit
273 3428 300 3486 e't
321 3433 435 3487 repremit
453 3431 539 3486 denuo
575 3422 696 3502 (Epich.
720 3421 787 3502 IV).
815 3422 879 3484 Nec
896 3442 978 3502 sane,
995 3427 1055 3486 nisi.
1067 3425 1116 3505 qui
1132 3425 1253 3503 argutiis
1281 3412 1284 3416 ⁴

145 3550 206 3591 rem
230 3534 300 3609 agit,
323 3533 418 3593 eidem
431 3542 583 3611 utrumque
598 3529 775 3610 Epicharmo
791 3531 898 3592 ascribi
913 3532 1065 3611 perstabit.
1100 3531 1253 3593 Rationum
1293 3539 1297 3547 ⁴
1374 3589 1378 3597 .

145 3638 380 3718 probabilitatem
403 3628 428 3699 si
447 3640 598 3718 sequerisp
629 3631 705 3697 hunc
725 3638 920 3717 posteriorem
942 3641 1084 3700 suadente
1106 3648 1136 3699 et
1157 3647 1252 3698 metro

146 3753 175 3804 et
205 3742 294 3804 sensu
317 3742 510 3824 Epichanno‚
542 3744 663 3805 alterum
692 3737 842 3805 annalibus
865 3747 944 3806 etei
968 3747 1083 3825 quidem
1104 3747 1179 3825 parti
1201 3763 1250 3806 an·

146 3829 267 3927 nulium,
297 3869 354 3930 qua
374 3852 432 3913 hoc
454 3860 536 3913 certe
558 3851 696 3928 uicimus,
721 3850 841 3940 opinor,
868 3850 1046 3932 philosophe
1074 3852 1250 3912 disseruisse

146 3961 271 4032 poetam,
295 3957 437 4036 adpones.

180 4049 183 4054 ⁴
221 4060 352 4149 Restant
368 4064 425 4125 duo
447 4066 484 4125 de
506 4064 629 4151 exordio
651 4045 766 4140 uersus,
789 4063 827 4123 dc
849 4064 953 4146 quibus
972 4064 1050 4125 iuuat
1071 4062 1163 4123 uerbo
1189 4080 1250 4122 mo·

147 4185 224 4230 nere.
278 4169 352 4231 Huic
380 4172 455 4232 enim
483 4172 645 4248 fragmento
673 4189 745 4246 quoe
778 4189 851 4230 caca
885 4183 1004 4246 corpore
1029 4174 1157 4229 caeruleo
1180 4189 1250 4254 ‚cor-

147 4282 200 4336 tina
224 4289 353 4356 receptat·
375 4272 449 4358 (XI)
481 4261 635 4357 dudum'in
667 4276 786 4338 annales
815 4278 868 4338 scd
892 4294 994 4357 parum
1029 4259 1251 4335 commendabili
