2834 4988
547 413 789 484 RELIQVIAE

219 583 310 652 Neue
332 583 407 652 inde
429 580 527 651 nauis
546 580 749 650 inchoandae
771 578 944 650 exordium

219 684 410 778 Coepisset,
438 707 524 778 quae
546 706 635 754 nunc
653 683 842 755 nominatur
863 682 995 754 nomine

220 789 336 883 Argi,
364 789 442 884 quia
458 787 580 881 Argiui
598 791 631 858 in
648 810 690 858 ea
707 786 817 856 dilecti
835 785 899 855 uiri

116 991 164 1040 bus
178 989 227 1041 boc
242 991 317 1042 modo
331 991 401 1055 ioqui
413 1005 561 1041 concessum
575 995 627 1041 est:
647 985 828 1054 [aso-288}
858 987 922 1037 Nam
935 986 977 1037 hic
990 987 1052 1037 satis
1066 996 1120 1038 erat
1133 988 1227 1051 dicere,

116 1062 139 1110 si
154 1060 182 1111 id
195 1060 285 1121 modo,
306 1062 374 1125 quod
393 1061 456 1110 satis
473 1069 554 1121 esset,
577 1065 694 1109 curarent
713 1061 816 1124 poetae:
840 1059 938 1107 utinam
957 1073 989 1108 ne
1005 1073 1049 1108 era
1064 1073 1152 1109 errans
1171 1073 1229 1109 mea

117 1130 192 1180 domo
210 1131 311 1181 efferret
327 1131 421 1196 pedem
438 1130 547 1181 Medea!
578 1129 622 1196 (In
641 1144 706 1192 quae
726 1129 868 1194 scripturae
888 1128 1076 1194 discrepantiae
1091 1127 1140 1179 hae
1155 1137 1227 1179 sunt:

116 1198 169 1266 ne]
182 1215 220 1251 ne
234 1216 346 1250 errans
359 1201 416 1250 Par.
427 1216 508 1266 mpr.
581 1214 617 1248 ne
630 1197 705 1249 hera
718 1196 845 1265 errans]
861 1213 898 1248 ne
913 1213 1090 1249 erraueras
1103 1198 1227 1248 Wuerzb.

117 1270 272 1320 eraBamb.
287 1270 318 1330 b,
338 1284 389 1320 orn.
403 1271 461 1320 Par.
533 1284 600 1320 mea
619 1268 709 1319 domo
730 1283 780 1318 om.
798 1268 887 1318 Bamb.
907 1269 1021 1319 aTross.
1093 1267 1229 1319 eiierret

117 1340 228 1405 pedem
242 1341 333 1390 domo
347 1340 467 1390 Bamb.b
482 1339 546 1389 Fris.
561 1337 646 1405 Opitz.
716 1338 843 1389 medeas
857 1336 996 1403 Wuerzb.)
1030 1337 1176 1390 Priscianus
1196 1339 1228 1390 de

116 1410 203 1459 metris
216 1411 317 1461 Terent.
333 1426 356 1459 c.
370 1411 386 1460 2
401 1426 428 1476 p.
444 1408 510 1462 1825
522 1410 550 1459 Ρ.
566 1411 583 1473 s
595 1409 629 1460 22
640 1423 667 1474 p.
681 1407 733 1460 418
745 1407 775 1458 G.
794 1407 830 1474 (11
843 1424 869 1474 p.
886 1407 937 1459 410
949 1405 995 1473 Κ.)
1015 1411 1075 1458 ‘nec
1088 1407 1172 1459 solum
1186 1423 1229 1460 co·

116 1480 177 1528 mici
190 1478 297 1535 huiusce
306 1480 376 1530 modi
391 1487 450 1529 suut
465 1481 504 1532 usi
517 1478 619 1539 iambis,
639 1478 774 1529 sedetiam
789 1479 881 1544 tragici
895 1478 1071 1540 uetustissimi,
1090 1487 1118 1529 ut
1130 1480 1228 1529 Ennius

117 1549 143 1597 in
161 1548 265 1600 Medea:
290 1547 490 1616 [280-287].’
525 1547 614 1599 Cicero
630 1547 662 1598 de
676 1546 728 1598 iato
743 1547 786 1607 15,
801 1546 834 1599 35
859 1550 906 1598 ‘ex
926 1548 975 1598 hoc
994 1564 1088 1617 genere
1108 1548 1229 1601 illudent

117 1618 194 1668 Enni:
220 1618 384 1686 [2813281]ο
417 1619 501 1669 Licuit
524 1618 565 1668 nel
590 1617 678 1668 altius:
710 1617 808 1667 utinam
825 1632 856 1666 ne
878 1618 904 1666 in
923 1617 993 1668 Pelio
1013 1626 1073 1668 nata
1097 1618 1150 1669 ulla
1173 1635 1229 1670 um·

117 1702 193 1750 quam
209 1697 277 1739 esset
291 1689 380 1740 arbor!
409 1689 485 1738 etiarn
498 1703 591 1754 supra,
609 1687 751 1739 utinumne
766 1695 833 1737 esset
846 1688 997 1737 monsulius
1010 1688 1109 1743 Pelius!
1137 1688 1229 1740 simili-

116 1765 205 1820 terque
222 1760 356 1826 superiora
374 1766 531 1824 repetentem
551 1757 653 1823 regredi
673 1755 771 1807 induite
793 1757 860 1807 iicet.
901 1756 986 1808 Neue
1005 1758 1079 1809 inde
1158 1774 1229 1810 coe-

117 1828 228 1892 pisset.
263 1827 388 1888 Quorsum
405 1827 469 1878 haec
482 1827 636 1894 praeterita?
661 1825 726 1886 Quia
745 1827 860 1890 sequitur
877 1827 941 1877 iliud
960 1826 1032 1893 [287.
1046 1826 1109 1895 288]
1131 1843 1182 1879 non
1202 1837 1230 1879 ut

118 1911 163 1947 eae
179 1913 220 1948 res
233 1913 336 1949 causam
350 1898 470 1948 afferrent
484 1898 598 1950 amoris!
630 1896 701 1947 ldem
719 1912 767 1963 pro
780 1895 866 1947 Caelio
879 1896 906 1958 8,
922 1896 955 1948 18
974 1901 1037 1960 ‘quo
1053 1896 1109 1949 loco
1122 1914 1229 1967 possum

118 1966 204 2017 dicere
217 1968 327 2031 idquod
395 1968 503 2019 Crassus
578 1965 656 2033 paulo
673 1975 731 2017 ante
747 1966 826 2028 dixit,
850 1967 969 2017 utinam
990 1983 1026 2017 ue
1047 1969 1079 2018 in
1099 1984 1229 2021 nemore

117 2036 221 2098 Pelio,
241 2053 271 2088 ac
285 2038 388 2104 lougius
402 2037 505 2101 quidem
519 2036 583 2087 mihi
598 2044 733 2086 contexere
747 2037 796 2087 hoc
811 2052 913 2087 carmen
927 2037 1022 2088 liceret.
1051 2038 1127 2089 Nam
1142 2054 1229 2089 num·
1250 2088 1258 2097 ,

118 2121 209 2168 quam
226 2122 281 2158 era
299 2123 410 2158 errans
429 2107 495 2158 bauo
513 2107 657 2158 molestiam
677 2107 752 2157 nobis
770 2105 904 2158 exhiberet
921 2107 1033 2158 Medea
1050 2090 1155 2160 animo
1177 2142 1228 2159 ...
1307 2156 1314 2168 ,

117 2233 323 2249 -,-.-..,.

118 2311 167 2353 sae
184 2297 378 2366 accedissent,
401 2315 453 2354 om.
470 2297 608 2370 abiegna,
629 2294 700 2352 Par.
715 2311 752 2350 m.
763 2312 814 2368 pr.
832 2296 866 2352 de
878 2297 935 2354 inu.
958 2315 1044 2355 caesa
1059 2299 1231 2356 accidissent

118 2381 258 2454 abiegnae
279 2384 344 2455 aliq.
360 2383 422 2438 cdd.
441 2383 475 2438 de
494 2382 565 2455 sato.
587 2397 690 2438 eaesae
710 2379 882 2437 accidissent
902 2383 1004 2455 abigne
1020 2383 1096 2441 Leid.
1117 2385 1152 2441 de
1171 2390 1230 2441 not.

118 2466 195 2522 deor.
212 2484 298 2523 caesa
313 2467 466 2524 cecidisset
481 2468 603 2540 abiegna
616 2465 711 2522 Prisc.
725 2466 760 2522 de
774 2472 854 2522 metr.
874 2467 939 2524 Ter.
955 2468 1062 2525 Gurisr.
1082 2486 1144 2527 cum
1158 2471 1231 2527 dete·

117 2549 237 2607 noribrrs
256 2551 349 2607 Prisc.
365 2569 399 2625 p.
414 2554 479 2616 751.
503 2553 557 2609 duo
574 2551 664 2608 Oxou.
686 2565 758 2607 unus
781 2550 866 2625 Scap.
885 2569 937 2625 mo.
956 2553 1056 2626 ’Τορίεο
1076 2555 1116 2628 cf.
1130 2570 1229 2628 capro.

117 2651 185 2690 cesa
199 2636 352 2693 cecidisset
365 2638 486 2710 abiegna
500 2637 654 2709 (abiegnae
670 2638 761 2703 corr.)
779 2634 864 2708 θρῖα.
877 2637 916 2692 od
925 2637 995 2693 Her.
1011 2656 1115 2695 caesae
1131 2642 1230 2708 (cesae

118 2719 217 2775 Bumb.
233 2738 252 2775 u
267 2719 283 2776 b
300 2721 384 2788 Tur.)
407 2720 578 2778 cecidissent
597 2720 734 2792 abiegnae
754 2721 889 2793 (abiegne
909 2722 1008 2777 Bomb.
1022 2724 1051 2793 b)
1071 2723 1142 2780 Por.
1164 2727 1233 2794 (nabi

118 2805 192 2877 quod
202 2806 232 2859 in
248 2805 301 2861 boc
315 2806 487 2862 cecidissent
500 2808 577 2862 uode
586 2807 683 2878 primu
696 2805 804 2877 syllaba
818 2821 893 2860 corr.
907 2813 960 2875 est)
979 2808 1077 2863 Bumb.
1093 2828 1110 2864 a
1122 2809 1138 2863 b
1153 2811 1230 2866 Fria

120 2889 215 2945 Troas.
237 2889 305 2945 Tur.
326 2891 365 2947 od
384 2891 456 2947 Her.
477 2907 563 2947 caesa
584 2889 755 2945 cecidissent
776 2891 913 2961 abiegnae
935 2894 1000 2964 (ιίἱᾳ.
1021 2893 1084 2948 cdd.
1105 2896 1140 2950 de
1159 2895 1229 2968 suto.

119 2988 221 3029 caesae
236 2975 421 3042 cecidissent,
444 2992 498 3032 om.
514 2975 650 3046 abiegna,
670 2975 794 3045 mulam.
813 2974 905 3031 Troas.
924 2976 993 3031 Tur.
1008 2984 1034 3032 et
1047 2979 1094 3032 ult.
1111 2996 1156 3045 m.‚
1179 2980 1230 3035 ad-

118 3057 173 3114 dito
192 3060 275 3115 senat
294 3061 429 3132 abiegna,
451 3058 522 3116 Pur.
544 3059 578 3114 de
597 3061 653 3117 inu.
675 3056 847 3114 accidissent
866 3061 1004 3131 abiegnae
1026 3061 1104 3118 Eius.
1123 3063 1230 3137 Grypb.

122 3142 215 3215 Topic.
233 3142 385 3200 cecidisset
407 3147 529 3217 abiegna
543 3158 616 3200 unus
630 3142 717 3214 Sunp.
737 3142 802 3198 ibid.
823 3144 996 3200 cecidissent
1016 3146 1154 3219 abiegnae
1177 3149 1231 3204 duo

119 3225 206 3300 Soup.
229 3227 313 3284 Vtut.
332 3229 395 3285 ibid.
420 3229 573 3286 ceciderint
592 3227 806 3301 abigneaFIor.
828 3245 864 3288 m.
880 3247 930 3302 pr.
953 3229 1088 3287 ceciderit
1110 3234 1231 3305 abiegna

119 3311 198 3368 Fior.
220 3329 258 3367 m.
279 3314 327 3369 uli.
348 3313 483 3370 ceciderit
504 3315 624 3396 abiegnp
642 3313 737 3368 Ambr.
752 3331 771 3368 u
794 3314 858 3382 (sed
869 3315 976 3386 ripum
991 3315 1096 3387 oport.
1115 3335 1153 3373 m.
1168 3320 1231 3386 uit.)

118 3395 241 3452 Antan
255 3395 421 3464 Qrmriduni.
440 3398 612 3456 cecidissent
622 3396 712 3454 Iulius
729 3396 831 3454 Victor.
848 3398 999 3456 cecidisset
1013 3400 1102 3458 Gond.
1118 3403 1229 3460 Donati.

119 3481 289 3538 cecidissent
304 3482 392 3557 Lupo.
413 3500 475 3540 orm
494 3485 556 3541 edd.
573 3488 628 3539 uei.
644 3483 749 3539 Donati
831 3482 975 3558 Singulari
987 3501 1101 3543 numero
1109 3492 1230 3560 positum

119 3580 178 3622 esse
198 3568 291 3622 trabes
313 3574 447 3626 uetoumr
467 3570 559 3627 Varro
576 3573 602 3623 et
614 3566 778 3623 Paccianae
796 3584 829 3639 p.
845 3573 895 3629 751
982 3570 1019 3626 ad
1039 3576 1113 3628 terra
1133 3574 1230 3632 Houn.

126 3649 272 3707 Varronis.
297 3657 416 3722 terram,
438 3672 490 3711 om.
507 3654 559 3723 ad,
579 3653 659 3708 Flor.
677 3669 714 3707 m.
730 3653 778 3707 uit.
794 3650 883 3720 Quint.
904 3654 941 3710 ad
957 3661 1059 3713 terram
1081 3660 1145 3727 (aed
1159 3659 1177 3715 d
1192 3678 1229 3716 m.

119 3734 183 3802 ait.)
198 3735 291 3792 Ambr.
308 3755 327 3792 u
343 3738 406 3794 ibid.
423 3740 450 3794 in
469 3746 568 3795 terram
582 3737 722 3793 Hatberst.
739 3753 800 3793 trem
815 3740 877 3796 oiir'a
895 3740 972 3796 utne
985 3741 1077 3799 Pn'sc.
1087 3761 1120 3816 p.
1137 3750 1187 3806 751

160 3824 213 3879 181
242 3837 331 3877 naues
349 3822 421 3879 Por.
444 3842 480 3883 m.
499 3841 548 3897 pr.
569 3822 608 3879 od
625 3822 697 3878 Her.
783 3822 960 3881 inchoandae
981 3825 1073 3884 Prisc.
1095 3831 1130 3886 dc
1151 3838 1230 3888 metr.

123 3902 202 3973 Ter„
223 3904 295 3962 Por.
317 3908 381 3975 (sed
395 3907 450 3965 dae
467 3911 496 3964 in
511 3910 587 3976 ros.)
611 3923 673 3962 nrm
693 3906 923 3984 aruspicesque
944 3911 983 3966 ud
997 3912 1083 3979 Her„
1102 3916 1231 3990 plerique

119 3987 182 4045 cdd.
198 3991 232 4046 de
249 3990 320 4063 faio.
336 3993 487 4049 inchoandi
503 3993 602 4049 Bamb.
620 3991 636 4046 b
650 3992 689 4047 ud
701 3991 772 4047 Her.
793 3994 856 4066 ulr'q.
873 3997 936 4052 cdd.
952 3996 986 4051 de
1000 3997 1071 4070 soto.
1093 4000 1230 4058 inchoans

122 4072 221 4129 Bumb.
243 4093 261 4129 u
287 4075 327 4131 ad
345 4077 416 4132 Her.
503 4094 592 4133 naues
618 4077 701 4133 incho
743 4075 795 4133 das
823 4081 938 4136 exdiunr
972 4083 1100 4139 Wuerzb.
1125 4084 1187 4140 ibid

162 4164 215 4218 183
235 4161 359 4230 cepisset
380 4163 508 4219 Wuerzb.
528 4179 566 4217 m.
577 4179 625 4233 pr.
640 4092 855 4219 Purfwliumbb
880 4166 948 4222 Tur.
971 4168 1010 4223 od
1028 4168 1099 4223 Her.
1121 4172 1231 4241 coepis-

121 4249 184 4296 sent
192 4244 266 4302 Fris.
283 4245 380 4300 ibidem
467 4244 830 4318 mnemonidarum.
917 4253 1028 4306 nornine
1041 4270 1092 4308 om.
1105 4254 1232 4311 Barnun

123 4325 217 4384 Troas.
238 4327 324 4400 Opiiz.
343 4330 382 4385 ad
394 4331 462 4391 Her.
558 4334 611 4389 284
628 4345 672 4403 eq.
702 4329 781 4403 Argo
810 4336 875 4406 quia
895 4337 995 4409 Argiui
1023 4339 1050 4392 in
1072 4355 1107 4394 ea
1130 4340 1230 4397 deiecti
