2834 4988
191 397 254 499 q
606 407 865 465 annnorvn

104 500 317 673 Jffiii
340 578 423 670 Reg.
440 576 478 662 0.
495 534 648 670 Magliab.
666 578 768 647 Voss.
788 580 882 648 enni
891 574 1024 648 ¹.Voss
1043 580 1156 649 ennir
1148 580 1304 664 Petau.)

67 670 133 740 ''·
144 712 149 719 ·
189 682 377 761 ‘emunim
396 681 521 751 ··’ΧΙΙΙΙ

722 782 771 854 Vl

294 902 387 973 Nunc
407 907 459 970 est
479 901 533 971 ille
555 901 628 969 dies
647 922 722 969 curn
739 902 847 993 gloria
864 902 1006 971 maxima
1028 926 1105 972 sese

292 1005 395 1076 Nobis
417 1005 572 1075 ostendat
592 1004 621 1073 si
642 1004 788 1074 uiuimus
807 1005 881 1073 siue
900 1007 1067 1076 morimur.

715 1140 778 1211 Vll

203 1270 265 1332 385
281 1216 463 1330 ¹Horrescit
480 1259 555 1329 telis
574 1261 740 1331 exercitus
758 1283 857 1353 asper
878 1265 1051 1357 utrimque.

706 1397 784 1468 Vlll

292 1517 365 1586 lnfit
389 1523 426 1584 ‘o
449 1516 539 1584 ciues
562 1539 647 1607 quae
670 1540 721 1587 me
743 1519 874 1588 iortuna
895 1521 1038 1588 ferocem

68 1673 79 1687 .
154 1590 230 1761 ἵ
292 1619 463 1690 Contudit:
489 1619 627 1710 indigno
647 1621 736 1692 bello
758 1623 900 1692 confecit
919 1624 1059 1693 acerbo!
1137 1672 1141 1677 -

614 1757 630 1791 *
856 1757 872 1794 *

686 1856 692 1865 ,
734 1816 751 1853 ss

724 1910 769 1980 lll

291 2022 415 2094 Omnes
433 2023 533 2092 occisi
552 2024 757 2118 obcensique
774 2028 807 2096 in
826 2032 921 2097 nocte
939 2049 1057 2097 serena

539 2408 545 2429 ,
623 2331 781 2414 LlltEll
812 2332 868 2415 Xl

737 2541 750 2610 l

291 2658 396 2729 Malos
418 2658 604 2728 deiindunt:
629 2658 712 2729 liunt
732 2658 880 2729 tabulata
899 2658 1061 2753 lalaeque.

189 2862 339 2913 Xlannali:
360 2859 418 2928 [Vl]
441 2862 528 2913 idem
521 2877 548 2912 1n
559 2862 684 2913 Xllll
692 2832 846 2929 .'(·Xllll·
859 2863 937 2930 Sang.
948 2863 1006 2914 [llll
1015 2860 1115 2930 bugd)
1184 2863 1220 2911 Vl
1233 2863 1301 2912 Pris-

189 2932 278 2994 cianus
299 2931 369 2999 xp.
385 2931 483 2983 880P.
503 2932 572 3000 (lp.
588 2919 702 2998 478K.)
722 2932 919 2998 ‘deponentia
913 2948 937 2982 ιιι
958 2934 1009 2983 rior
1026 2934 1168 2984 desinentia
1191 2934 1260 2982 orior
1276 2942 1301 2984 et

189 3004 313 3053 rnorior
331 3010 383 3051 tam
396 3003 536 3054 secundum
549 3004 649 3054 tertiam
663 3018 739 3066 quaro
753 3003 892 3053 secundum
909 3013 1024 3066 quartam
1037 3004 1242 3070 coniugationem
1256 3002 1300 3053 de-

187 3072 345 3124 clinaberunt
362 3080 532 3124 auctores-
551 3073 648 3124 Ennius
664 3074 691 3122 in
709 3072 783 3122 Xllll
799 3073 979 3124 annalium...
989 3073 1084 3141 .’(in
1097 3074 1215 3124 Xllll—
1180 3087 1300 3124 —sese

187 3159 237 3194 om.
258 3140 354 3210 Sang.)
424 3144 472 3193 Vll
493 3143 637 3194 Macrobius
654 3143 708 3194 Set.
729 3144 765 3192 Vl
784 3145 801 3193 4
820 3158 847 3210 p.
861 3141 912 3194 519
924 3111 995 3194 lan..
1007 3148 1074 3194 ‘tum
1099 3144 1197 3194 ferreus
1217 3142 1300 3195 hastis

188 3213 278 3265 Horret
292 3228 362 3279 ager.
384 3211 459 3279 [Aen.
471 3213 507 3262 Xl
517 3212 580 3280 ool]
599 3215 718 3263 Horret
732 3213 796 3262 mire
809 3230 837 3263 se
851 3212 941 3271 habet:
960 3213 1007 3263 sed
1023 3221 1047 3263 et
1059 3214 1156 3264 Ennius
1170 3215 1196 3263 iu
1210 3222 1300 3276 quarto

187 3283 286 3334 decimo
301 3284 353 3331 ...’
428 3284 489 3333 Vlll
506 3285 653 3333 Priscianus
664 3282 689 3332 X
706 3298 733 3348 p.
745 3281 792 3333 891
809 3285 836 3332 P.
860 3284 885 3348 (1
897 3298 924 3349 p.
936 3283 988 3334 492
999 3282 1044 3345 Κ.)
1066 3284 1300 3349 ·ιιειιιεῑὶεείπιίιῑιι-

186 3368 244 3404 rnen
259 3361 311 3403 tarn
331 3354 504 3419 producebant
521 3369 596 3416 quam
612 3354 784 3418 corripiebant
802 3354 943 3418 supradicti
961 3355 1047 3413 uerbi,
1072 3353 1099 3402 id
1116 3364 1154 3404 est
1174 3354 1299 3413 tutudi,

186 3423 361 3489 penultimam.
386 3423 482 3474 Ennius
496 3423 522 3471 in
535 3423 621 3472 Xllll:
640 3423 707 3471 infit·
728 3439 751 3472 e.
770 3438 795 3485 q.
811 3438 832 3472 s.
856 3427 929 3473 ‘ecce
944 3424 986 3473 hic
999 3423 1140 3489 corripuit!
1161 3425 1211 3490 (in
1225 3423 1298 3472 Xllll

188 3507 239 3543 om.
255 3489 350 3558 Sang.)
421 3492 458 3541 lX
476 3493 567 3541 Festus
584 3507 610 3557 p.
624 3491 673 3542 ‘201
684 3492 718 3540 Μ.
741 3491 793 3539 ‘ob
815 3494 1006 3558 praepositione
1024 3495 1142 3558 antiquos
1161 3508 1222 3543 usos
1242 3509 1300 3544 esse
1360 3519 1362 3523 .

186 3576 233 3628 pro
257 3561 292 3611 ed
320 3561 392 3612 testis
414 3570 453 3612 est
478 3562 588 3620 Ennius,
617 3574 694 3624 quom
717 3561 753 3610 ait
779 3562 796 3610 l.
816 3562 904 3612 Xllll:
930 3564 1030 3614 omnes’
1057 3580 1080 3614 e.
1101 3580 1126 3628 q.
1146 3581 1167 3614 s.
1196 3563 1239 3614 ‘id
1261 3573 1300 3614 est
1322 3582 1330 3595 ⁸

188 3632 307 3683 rocensi!

223 3733 309 3785 Llsen
332 3733 380 3785 XV
433 3733 442 3780 l
471 3732 570 3783 Nonius
587 3747 614 3798 p.
633 3732 729 3793 114‚7
760 3733 862 3786 ‘falae
882 3743 964 3785 turres
983 3744 1042 3784 sunt
1061 3737 1172 3803 ligneae.
1201 3738 1299 3788 Ennius

228 3914 281 3969 ase
301 3868 430 3964 ostenuit
445 3908 515 3981 neq.
528 3910 750 3984 ostendimur.
824 3911 860 3978 su
877 3884 1062 3966 sPnazoeru.
1130 3913 1153 3968 si
1169 3943 1210 3951 -
1225 3915 1298 3984 sue]

184 3994 225 4069 cs.
238 3995 379 4050 Bentleius
391 3994 430 4049 ed
441 3993 506 4049 Ter.
517 3995 604 4051 Andr.
616 3996 636 4052 I
643 4000 670 4063 3,
683 4003 726 4055 11.
742 3995 907 4054 Ritscbelt'us
918 3995 994 4051 Prol.
1010 3996 1086 4056 Tria.
1098 4017 1131 4070 p.
1139 3997 1272 4054 LXXXI
1277 3999 1304 4054 V

185 4085 213 4135 et
230 4077 373 4137 OOCXXI
377 4078 403 4135 V
505 4083 558 4138 385
581 4087 718 4152 utrunque
734 4079 834 4136 Saluo
939 4085 992 4140 386
1014 4082 1108 4138 inlito
1130 4099 1168 4139 ex
1192 4085 1298 4139 infinito

100 4218 107 4230 ,
185 4181 261 4223 corr.
285 4166 315 4220 in
330 4165 418 4224 Bern.
506 4167 617 4221 lurtuna
637 4165 724 4238 Scap.
811 4166 934 4221 ferocem
949 4165 1071 4224 Merula.
1093 4171 1151 4223 lero
1168 4169 1298 4225 sielibra‘.

186 4252 265 4305 lerox
278 4251 319 4307 sic
332 4249 462 4307 Columna
547 4255 600 4311 387
616 4253 720 4306 acerbo
731 4250 820 4322 lapd.
835 4267 938 4306 aceruo
950 4254 1035 4306 ceteri
1119 4254 1247 4311 contudit
1257 4256 1299 4311 in-

188 4336 275 4410 digne
292 4342 320 4393 et
333 4337 406 4392 bello
423 4336 544 4393 coniecit
558 4336 661 4392 acerbo
672 4337 733 4393 aiae
748 4351 869 4392 aceruos
883 4336 1014 4394 Oolm
