2834 4988
568 390 592 445 Τ
598 386 925 446 RAGOEDIARVM

724 558 757 628 X

290 683 460 774 Denmque
478 681 520 749 de
537 677 675 749 oonsilio
693 676 757 747 hoc
773 675 870 746 itiner
886 677 987 747 cre'do
1009 675 1162 744 conatrim
1188 670 1298 741 modo.

717 813 763 884 Xl

289 938 358 1007 Ted
382 937 490 1029 ipsum
512 938 644 1026 oportet
665 932 730 1004 hoc
752 930 900 1026 profiteri
923 936 956 1002 et
978 929 1130 1023 proloqui

201 1051 263 1113 385
290 1041 483 1112 Aduorsum
502 1039 590 1108 illam
611 1036 699 1107 mihi.

697 1172 758 1242 llll
770 1170 787 1207 *

289 1295 327 1366 Si
343 1295 437 1365 uoles
454 1293 630 1363 adunare
648 1293 808 1377 animum,
820 1294 824 1302 '
836 1293 973 1362 comiter
991 1291 1236 1362 monstrabitur.

689 1429 764 1501 XIII
777 1427 794 1464 *

291 1604 298 1618 .
353 1549 469 1635 homo,
498 1552 554 1643 qui
577 1549 697 1619 erranti
717 1549 854 1620 comiter
875 1548 1037 1618 monstrat
1060 1547 1158 1629 niam,

290 1652 391 1736 Quasi
414 1653 524 1723 himen
546 1656 587 1724 de
607 1676 671 1733 suo
691 1653 814 1723 himine
837 1652 1012 1732 aooendait,
1039 1650 1133 1720 facit:

290 1756 397 1826 Nihilo
420 1758 528 1827 minus
550 1758 613 1850 ipsi
635 1757 739 1842 hicet,
763 1778 836 1826 eum
860 1755 905 1825 illi
928 1754 1123 1825 aooenderit.

628 1967 856 2039 THYESI'ES

206 2225 267 2286 390
295 2217 354 2288 Set
371 2240 424 2290 me
443 2222 567 2314 Apollo
590 2223 685 2316 ipsris
707 2105 848 2295 delectat
866 2221 988 2316 [liciat]
1014 2221 1127 2291 ductat
1144 2219 1304 2290 De'llieuS.

191 2420 269 2469 urbs
290 2428 329 2470 eat
347 2421 478 2484 aedilicia,
505 2426 626 2477 ciuitas
646 2427 745 2477 incolae
825 2423 1026 2477 EnniuaTelelo
1166 2422 1190 2471 X
1208 2421 1309 2472 Nonius

191 2489 292 2554 p.490,
307 2492 340 2541 12
359 2493 477 2543 ‘itiner
494 2510 541 2560 pro
560 2497 616 2546 iter.
643 2497 740 2546 Ennius
752 2496 930 2563 Telepho.‚.’
999 2494 1035 2543 xl
1054 2493 1151 2543 Nonius
1164 2508 1190 2557 p.
1201 2491 1310 2552 23224

192 2560 378 2610 ‘aduorsum
397 2578 497 2612 rursum
517 2567 588 2630 apud
608 2566 737 2632 signifieat
815 2567 913 2618 Ennius
928 2564 1018 2614 Teleio
1032 2564 1080 2611 ...’
1110 2563 1308 2628 (Ennius

192 2628 270 2678 mihi
284 2644 335 2678 orn.
351 2630 426 2681 Bern.
442 2633 565 2699 aBaail.)
634 2636 684 2685 ΧΗ
702 2638 784 2687 Varro
799 2637 832 2687 de
843 2637 873 2686 L.
885 2636 914 2684 L.
925 2633 1018 2684 V1189
1028 2633 1061 2682 it.
1083 2632 1168 2698 ‘apud
1182 2633 1309 2681 Ennium:

193 2699 228 2749 ai’
246 2715 269 2747 e.
286 2715 311 2762 q,
327 2715 349 2748 s.
370 2703 535 2753 ‘comitem
555 2704 639 2756 hilare
650 2721 681 2755 ao
693 2707 827 2757 lubenter!
898 2705 957 2755 Xlll
977 2704 1066 2754 Cicero
1082 2703 1115 2753 tie
1128 2701 1172 2751 oli.
1187 2703 1199 2751 1
1217 2701 1260 2761 lo,
1274 2701 1308 2751 51

193 2769 321 2818 ‘omniurn
339 2778 425 2821 antem
444 2775 588 2824 eommunia
607 2774 740 2826 bominum
759 2777 879 2827 uidentur
896 2791 940 2834 ea,
963 2790 1028 2837 quae
1046 2780 1105 2822 aunt
1122 2772 1224 2838 generis
1242 2772 1310 2832 eins,

193 2837 263 2900 qnod
284 2839 316 2888 ab
330 2840 411 2890 Ennio
427 2843 540 2908 positum
557 2846 583 2894 in
601 2860 653 2895 una
667 2862 695 2896 re
708 2846 842 2896 transferri
860 2847 886 2894 in
901 2842 1056 2911 permultaa'
1076 2842 1129 2907 (aio
1144 2841 1234 2891 Bamb.
1252 2857 1269 2890 a
1283 2841 1309 2891 b.

192 2908 369 2959 transferri
388 2926 447 2976 per
464 2914 584 2964 multas
602 2914 690 2980 Oehl.)
716 2918 815 2982 ‘potent
839 2912 1031 2981 [387-389].’
1069 2912 1167 2961 ibidem
1185 2912 1220 2962 52
1248 2911 1312 2961 ‘sed

193 2979 313 3042 i¹¹⁰ssit¹1n
332 2981 423 3046 copiae
440 2997 537 3048 paruae
556 2985 717 3052 singulorum
732 2994 804 3046 sunt,
824 3000 911 3036 eornm
931 2992 1015 3033 antem
1035 2983 1079 3044 qni
1100 2981 1138 3031 eie
1158 2988 1250 3046 egeant
1270 2981 1311 3030 irr-

193 3048 265 3098 finita
278 3057 317 3100 est
331 3051 483 3113 multitudo,
501 3055 618 3121 uulgaris
634 3055 775 3106 liberalitas
789 3055 924 3106 referenda
938 3053 1023 3104 estad
1039 3050 1112 3101 illum
1126 3052 1202 3100 Ennii
1216 3050 1310 3100 linem:

194 3118 303 3169 nihilo
322 3121 429 3171 miuus
448 3123 513 3189 ipsi
531 3124 637 3175 lueet)
665 3126 736 3176 idem
755 3140 803 3192 pro
821 3124 902 3175 Balbo
919 3124 959 3184 16,
973 3123 1009 3174 36
1031 3126 1130 3171 ‘eomes
1149 3120 1254 3187 benigni
1272 3119 1313 3170 l'a-

192 3189 256 3239 ciler
280 3204 374 3241 suanos
395 3191 513 3243 hominen
532 3210 590 3245 ease
611 3196 743 3246 dicuntur:
772 3196 827 3258 qui
843 3195 968 3245 erranti
991 3193 1131 3243 comiter
1149 3197 1313 3240 monstrat

193 3260 293 3377 piaktn,
309 3260 428 3327 benigne,
443 3277 493 3312 non
505 3266 630 3331 grauate!
656 3267 798 3330 Vtramque
813 3264 984 3332 fragmentum
997 3263 1048 3312 hue
1062 3260 1193 3311 reuocauit
1204 3258 1235 3311 0.
1248 3260 1313 3310 Ilib-

211 3344 241 3378 ec
260 3345 299 3378 rus

227 3398 373 3448 Turbam
409 3401 419 3449 l
438 3400 536 3452 Nonius
547 3419 574 3470 p.
586 3403 630 3464 97,
642 3403 677 3454 32
694 3404 892 3464 ‘delectare,
912 3403 1027 3462 inlicere,
1043 3400 1187 3450 adtrahere.
1213 3400 1313 3450 Ennius

237 3641 291 3696 383
307 3637 342 3693 de
356 3655 408 3694 Μ’·
429 3642 468 3697 W
534 3649 588 3705 384
606 3646 652 3702 ted
664 3647 756 3719 ipsum
769 3650 878 3718 oportet
888 3644 942 3700 hoe
954 3644 1079 3716 profiteri
1092 3641 1124 3698 0.
1134 3640 1314 3698 Ribbeckiua.

196 3729 222 3778 te
239 3722 331 3793 ipsum
346 3723 401 3780 lroc
417 3736 528 3799 oportet
540 3730 666 3802 profiteri
681 3732 758 3798 tion,
780 3733 855 3804 quod
868 3747 924 3786 non
938 3731 1054 3787 mutant
1063 3727 1262 3784 tactmanm
1275 3727 1317 3781 ad

196 3806 281 3862 iuer,
297 3807 381 3867 1778
463 3817 517 3873 387
541 3821 570 3870 nt
589 3815 674 3872 horno
691 3817 782 3872 Babil.
802 3814 877 3873 Oeltt.
963 3815 1058 3870 comiti
1079 3813 1167 3868 Basil.
1188 3811 1317 3867 Berrad

198 3891 265 3964 Ers.
282 3892 357 3948 oett.
446 3899 519 3953 niam
536 3907 670 3956 monstrat
684 3901 783 3957 Bamb.
799 3920 817 3957 a
835 3900 910 3958 Oett.
997 3906 1051 3960 388
1071 3897 1152 3970 qnasi
1167 3898 1262 3951 lumen
1278 3895 1315 3952 (le

198 3995 250 4032 sno
275 3979 379 4033 turnino
401 3982 489 4037 Bern.
508 4002 526 4038 a
541 3984 557 4038 b
571 3987 622 4041 ed
640 3987 729 4044 Baeil.
752 3986 819 4059 Ers.
847 3985 928 4059 qnasi
953 3986 988 4042 de
1013 4003 1065 4042 sno
1093 3982 1195 4038 lumine
1219 3983 1317 4037 lumen

198 4064 318 4119 Rem-e
340 4063 417 4120 Oell·
503 4073 556 4129 38⁹
583 4077 612 4126 ut
635 4073 738 4128 nichilo
762 4073 855 4128 minus
878 4070 955 4127 Oeltl.
984 4078 1012 4127 nl
1033 4069 1119 4125 nihilo
1140 4069 1231 4121 minus
1254 4067 1316 4122 Ba-

198 4149 243 4223 til.
330 4150 383 4220 ipsi
403 4152 495 4208 luceat
508 4156 597 4211 Bem.
615 4157 828 4214 hedeBaril.
843 4156 911 4229 Ers.
925 4156 1026 4212 Bamb.
1041 4174 1060 4210 a
1075 4154 1091 4208 b
1107 4151 1183 4208 Oeltl.
1207 4152 1262 4223 ipsi
1287 4159 1320 4207 nt

200 4234 292 4290 luceat
305 4233 395 4289 Bern.
412 4255 440 4292 α.
463 4245 492 4294 ut
506 4240 560 4311 ipsi
578 4243 670 4299 lnoeat
687 4243 757 4317 Περ.
770 4243 841 4298 batt.
926 4246 980 4303 390
1001 4243 1079 4314 ipsus
1097 4238 1218 4294 delectat
1231 4239 1319 4294 laetat

201 4316 233 4372 0.
249 4319 424 4377 Ribbeelriua,
444 4325 505 4395 ipse
521 4325 642 4385 delectat
655 4330 719 4386 libri
1273 4348 1277 4355 ’
