<?xml version="1.0" encoding="UTF-8"?>
<!DOCTYPE html PUBLIC "-//W3C//DTD XHTML 1.0 Transitional//EN"
    "http://www.w3.org/TR/xhtml1/DTD/xhtml1-transitional.dtd">
<html xmlns="http://www.w3.org/1999/xhtml" xml:lang="en" lang="en">
 <head>
  <title>
</title>
<meta http-equiv="Content-Type" content="text/html;charset=utf-8" />
  <meta name='ocr-system' content='tesseract 3.04.00' />
  <meta name='ocr-capabilities' content='ocr_page ocr_carea ocr_par ocr_line ocrx_word'/>
</head>
<body>
  <div class='ocr_page' id='page_1' title='image "./ennicanpoesisre00ennigoog_0084.png"; bbox 0 0 2834 4988; ppageno 0'>
   <div class='ocr_carea' id='block_1_1' title="bbox 584 392 1259 451">
    <p class='ocr_par' dir='ltr' id='par_1_1' title="bbox 584 392 1259 451">
     <span class='ocr_line' id='line_1_1' title="bbox 584 392 1259 451; baseline 0.004 -4"><span class='ocrx_word' id='word_1_1' title='bbox 584 392 812 449; x_wconf 83' lang='grc' dir='ltr'>ΕΝΝΙΑΝΑΕ</span> <span class='ocrx_word' id='word_1_2' title='bbox 1164 403 1259 451; x_wconf 78' lang='lat' dir='ltr'>LXXV</span> 
     </span>
    </p>
   </div>
   <div class='ocr_carea' id='block_1_2' title="bbox 144 555 1261 1593">
    <p class='ocr_par' dir='ltr' id='par_1_2' title="bbox 144 555 1261 1593">
     <span class='ocr_line' id='line_1_2' title="bbox 146 555 1257 635; baseline 0.001 -19"><span class='ocrx_word' id='word_1_3' title='bbox 146 555 291 616; x_wconf 85' lang='lat' dir='ltr'><strong>blacrobii</strong></span> <span class='ocrx_word' id='word_1_4' title='bbox 314 558 342 616; x_wconf 91' lang='lat' dir='ltr'><strong>in</strong></span> <span class='ocrx_word' id='word_1_5' title='bbox 358 557 520 618; x_wconf 78' lang='lat' dir='ltr'>Histrorum</span> <span class='ocrx_word' id='word_1_6' title='bbox 542 562 656 620; x_wconf 88' lang='lat' dir='ltr'><strong>nomine</strong></span> <span class='ocrx_word' id='word_1_7' title='bbox 677 559 818 618; x_wconf 87' lang='lat' dir='ltr'><strong>residere.</strong></span> <span class='ocrx_word' id='word_1_8' title='bbox 865 557 909 616; x_wconf 78' lang='lat' dir='ltr'><strong>Ad</strong></span> <span class='ocrx_word' id='word_1_9' title='bbox 925 557 1008 617; x_wconf 88' lang='lat' dir='ltr'><strong>Ennii</strong></span> <span class='ocrx_word' id='word_1_10' title='bbox 1031 568 1125 618; x_wconf 87' lang='lat' dir='ltr'><strong>arrtem</strong></span> <span class='ocrx_word' id='word_1_11' title='bbox 1145 561 1257 635; x_wconf 78' lang='lat' dir='ltr'><strong>poesim</strong></span> 
     </span>
     <span class='ocr_line' id='line_1_3' title="bbox 147 662 1258 742; baseline 0.002 -19"><span class='ocrx_word' id='word_1_12' title='bbox 147 662 315 723; x_wconf 71' lang='lat' dir='ltr'><strong>Macrobius</strong></span> <span class='ocrx_word' id='word_1_13' title='bbox 343 672 466 724; x_wconf 88' lang='lat' dir='ltr'><strong>testatur</strong></span> <span class='ocrx_word' id='word_1_14' title='bbox 487 665 649 742; x_wconf 81' lang='lat' dir='ltr'><strong>Vergilium</strong></span> <span class='ocrx_word' id='word_1_15' title='bbox 679 684 758 725; x_wconf 91' lang='lat' dir='ltr'><strong>suam</strong></span> <span class='ocrx_word' id='word_1_16' title='bbox 789 666 824 724; x_wconf 94' lang='lat' dir='ltr'><strong>de</strong></span> <span class='ocrx_word' id='word_1_17' title='bbox 853 665 983 725; x_wconf 90' lang='lat' dir='ltr'><strong>Pandaro</strong></span> <span class='ocrx_word' id='word_1_18' title='bbox 1014 675 1043 725; x_wconf 90' lang='lat' dir='ltr'><strong>et</strong></span> <span class='ocrx_word' id='word_1_19' title='bbox 1065 666 1138 724; x_wconf 87' lang='lat' dir='ltr'><strong>Bitia</strong></span> <span class='ocrx_word' id='word_1_20' title='bbox 1162 685 1258 725; x_wconf 90' lang='lat' dir='ltr'><strong>narra·</strong></span> 
     </span>
     <span class='ocr_line' id='line_1_4' title="bbox 147 770 1258 851; baseline 0.005 -23"><span class='ocrx_word' id='word_1_21' title='bbox 147 771 257 830; x_wconf 89' lang='lat' dir='ltr'><strong>tionem</strong></span> <span class='ocrx_word' id='word_1_22' title='bbox 288 771 378 848; x_wconf 79' lang='lat' dir='ltr'><strong>(Aen.</strong></span> <span class='ocrx_word' id='word_1_23' title='bbox 401 770 526 833; x_wconf 83' lang='lat' dir='ltr'><strong>1X672</strong></span> <span class='ocrx_word' id='word_1_24' title='bbox 549 774 632 851; x_wconf 91' lang='lat' dir='ltr'><strong>sqq.)</strong></span> <span class='ocrx_word' id='word_1_25' title='bbox 668 773 878 832; x_wconf 78' lang='lat' dir='ltr'><strong>conformasse.</strong></span> <span class='ocrx_word' id='word_1_26' title='bbox 937 771 969 831; x_wconf 92' lang='lat' dir='ltr'><strong>lu</strong></span> <span class='ocrx_word' id='word_1_27' title='bbox 1003 791 1058 849; x_wconf 91' lang='lat' dir='ltr'><strong>qua</strong></span> <span class='ocrx_word' id='word_1_28' title='bbox 1089 791 1150 831; x_wconf 93' lang='lat' dir='ltr'><strong>cum</strong></span> <span class='ocrx_word' id='word_1_29' title='bbox 1184 773 1258 833; x_wconf 92' lang='lat' dir='ltr'><strong>haec</strong></span> 
     </span>
     <span class='ocr_line' id='line_1_5' title="bbox 144 878 1261 964; baseline 0.001 -27"><span class='ocrx_word' id='word_1_30' title='bbox 144 880 224 956; x_wconf 71' lang='lat' dir='ltr'><strong>&#39;quae</strong></span> <span class='ocrx_word' id='word_1_31' title='bbox 246 878 394 956; x_wconf 78' lang='lat' dir='ltr'><strong>Vergilius</strong></span> <span class='ocrx_word' id='word_1_32' title='bbox 429 879 498 939; x_wconf 83' lang='lat' dir='ltr'><strong>dicit</strong></span> <span class='ocrx_word' id='word_1_33' title='bbox 530 883 633 964; x_wconf 65' lang='lat' dir='ltr'><strong>armati</strong></span> <span class='ocrx_word' id='word_1_34' title='bbox 662 881 743 953; x_wconf 84' lang='lat' dir='ltr'><strong>ferro</strong></span> <span class='ocrx_word' id='word_1_35' title='bbox 776 889 803 938; x_wconf 83' lang='lat' dir='ltr'><strong>ct</strong></span> <span class='ocrx_word' id='word_1_36' title='bbox 832 886 923 938; x_wconf 82' lang='lat' dir='ltr'><strong>cristis</strong></span> <span class='ocrx_word' id='word_1_37' title='bbox 945 887 1038 955; x_wconf 84' lang='lat' dir='ltr'><strong>capito</strong></span> <span class='ocrx_word' id='word_1_38' title='bbox 1071 884 1128 938; x_wconf 84' lang='lat' dir='ltr'><strong>altu</strong></span> <span class='ocrx_word' id='word_1_39' title='bbox 1151 886 1261 940; x_wconf 78' lang='lat' dir='ltr'><strong>corusci</strong></span> 
     </span>
     <span class='ocr_line' id='line_1_6' title="bbox 148 983 1257 1066; baseline -0.001 -20"><span class='ocrx_word' id='word_1_40' title='bbox 148 983 243 1066; x_wconf 87' lang='grc'>(678)</span> <span class='ocrx_word' id='word_1_41' title='bbox 268 1004 284 1045; x_wconf 87' lang='lat' dir='ltr'><strong>a</strong></span> <span class='ocrx_word' id='word_1_42' title='bbox 306 986 410 1045; x_wconf 90' lang='lat' dir='ltr'><strong>Seruio</strong></span> <span class='ocrx_word' id='word_1_43' title='bbox 432 986 461 1043; x_wconf 90' lang='lat' dir='ltr'><strong>iu</strong></span> <span class='ocrx_word' id='word_1_44' title='bbox 483 984 556 1043; x_wconf 79' lang='lat' dir='ltr'><strong>Aen.</strong></span> <span class='ocrx_word' id='word_1_45' title='bbox 582 983 601 1042; x_wconf 93' lang='lat' dir='ltr'><strong>l.</strong></span> <span class='ocrx_word' id='word_1_46' title='bbox 634 983 653 1043; x_wconf 94' lang='lat' dir='ltr'><strong>l.</strong></span> <span class='ocrx_word' id='word_1_47' title='bbox 677 983 808 1043; x_wconf 88' lang='lat' dir='ltr'><strong>laudatus</strong></span> <span class='ocrx_word' id='word_1_48' title='bbox 833 985 930 1064; x_wconf 78' lang='lat' dir='ltr'><strong>Asper</strong></span> <span class='ocrx_word' id='word_1_49' title='bbox 952 985 1088 1045; x_wconf 87' lang='lat' dir='ltr'><strong>exEnnii</strong></span> <span class='ocrx_word' id='word_1_50' title='bbox 1111 986 1257 1045; x_wconf 89' lang='lat' dir='ltr'><strong>locutione</strong></span> 
     </span>
     <span class='ocr_line' id='line_1_7' title="bbox 145 1090 1257 1170; baseline -0.003 -16"><span class='ocrx_word' id='word_1_51' title='bbox 145 1098 280 1153; x_wconf 74' lang='lat' dir='ltr'><strong>succincti</strong></span> <span class='ocrx_word' id='word_1_52' title='bbox 295 1096 383 1152; x_wconf 86' lang='lat' dir='ltr'><strong>cordo</strong></span> <span class='ocrx_word' id='word_1_53' title='bbox 405 1094 562 1149; x_wconf 68' lang='lat' dir='ltr'><strong>nancisceris</strong></span> <span class='ocrx_word' id='word_1_54' title='bbox 585 1090 657 1170; x_wconf 86' lang='lat' dir='ltr'><strong>(lv)</strong></span> <span class='ocrx_word' id='word_1_55' title='bbox 682 1090 854 1169; x_wconf 89' lang='lat' dir='ltr'><strong>deprompta</strong></span> <span class='ocrx_word' id='word_1_56' title='bbox 876 1093 970 1168; x_wconf 80' lang='lat' dir='ltr'><strong>dicat,</strong></span> <span class='ocrx_word' id='word_1_57' title='bbox 991 1093 1057 1151; x_wconf 92' lang='lat' dir='ltr'><strong>inde</strong></span> <span class='ocrx_word' id='word_1_58' title='bbox 1079 1111 1135 1150; x_wconf 87' lang='lat' dir='ltr'><strong>non</strong></span> <span class='ocrx_word' id='word_1_59' title='bbox 1160 1093 1257 1169; x_wconf 90' lang='lat' dir='ltr'><strong>inepte</strong></span> 
     </span>
     <span class='ocr_line' id='line_1_8' title="bbox 146 1196 1257 1278; baseline -0.001 -21"><span class='ocrx_word' id='word_1_60' title='bbox 146 1197 258 1258; x_wconf 81' lang='lat' dir='ltr'>Merula</span> <span class='ocrx_word' id='word_1_61' title='bbox 280 1217 313 1258; x_wconf 90' lang='lat' dir='ltr'><strong>ea</strong></span> <span class='ocrx_word' id='word_1_62' title='bbox 334 1198 371 1258; x_wconf 93' lang='lat' dir='ltr'><strong>de</strong></span> <span class='ocrx_word' id='word_1_63' title='bbox 388 1198 458 1256; x_wconf 89' lang='lat' dir='ltr'><strong>uiris</strong></span> <span class='ocrx_word' id='word_1_64' title='bbox 481 1198 605 1257; x_wconf 81' lang='lat' dir='ltr'><strong>fortibus</strong></span> <span class='ocrx_word' id='word_1_65' title='bbox 628 1196 686 1257; x_wconf 89' lang='lat' dir='ltr'><strong>illis</strong></span> <span class='ocrx_word' id='word_1_66' title='bbox 710 1197 786 1257; x_wconf 89' lang='lat' dir='ltr'><strong>elata</strong></span> <span class='ocrx_word' id='word_1_67' title='bbox 807 1200 981 1259; x_wconf 88' lang='lat' dir='ltr'><strong>existimauit</strong></span> <span class='ocrx_word' id='word_1_68' title='bbox 999 1200 1047 1278; x_wconf 91' lang='lat' dir='ltr'><strong>qui</strong></span> <span class='ocrx_word' id='word_1_69' title='bbox 1070 1207 1257 1276; x_wconf 78' lang='lat' dir='ltr'><strong>erumpentes</strong></span> 
     </span>
     <span class='ocr_line' id='line_1_9' title="bbox 147 1303 1256 1384; baseline 0.002 -22"><span class='ocrx_word' id='word_1_70' title='bbox 147 1312 233 1380; x_wconf 87' lang='lat' dir='ltr'><strong>porta</strong></span> <span class='ocrx_word' id='word_1_71' title='bbox 255 1312 383 1381; x_wconf 81' lang='lat' dir='ltr'><strong>stragem</strong></span> <span class='ocrx_word' id='word_1_72' title='bbox 406 1303 442 1363; x_wconf 90' lang='lat' dir='ltr'><strong>de</strong></span> <span class='ocrx_word' id='word_1_73' title='bbox 464 1304 617 1364; x_wconf 74' lang='lat' dir='ltr'><strong>obsidente</strong></span> <span class='ocrx_word' id='word_1_74' title='bbox 643 1305 728 1364; x_wconf 88' lang='lat' dir='ltr'><strong>hoste</strong></span> <span class='ocrx_word' id='word_1_75' title='bbox 751 1305 908 1366; x_wconf 89' lang='lat' dir='ltr'><strong>iecissent:</strong></span> <span class='ocrx_word' id='word_1_76' title='bbox 933 1307 985 1364; x_wconf 91' lang='lat' dir='ltr'><strong>nisi</strong></span> <span class='ocrx_word' id='word_1_77' title='bbox 1008 1307 1084 1384; x_wconf 91' lang='lat' dir='ltr'><strong>quod</strong></span> <span class='ocrx_word' id='word_1_78' title='bbox 1106 1303 1256 1364; x_wconf 80' lang='lat' dir='ltr'><strong>Macrobio</strong></span> 
     </span>
     <span class='ocr_line' id='line_1_10' title="bbox 147 1409 1256 1492; baseline 0.002 -25"><span class='ocrx_word' id='word_1_79' title='bbox 147 1409 263 1469; x_wconf 90' lang='lat' dir='ltr'><strong>nimium</strong></span> <span class='ocrx_word' id='word_1_80' title='bbox 282 1410 409 1470; x_wconf 87' lang='lat' dir='ltr'><strong>conlisus</strong></span> <span class='ocrx_word' id='word_1_81' title='bbox 431 1421 489 1471; x_wconf 91' lang='lat' dir='ltr'><strong>tum</strong></span> <span class='ocrx_word' id='word_1_82' title='bbox 504 1414 580 1472; x_wconf 81' lang='lat' dir='ltr'><strong>forte</strong></span> <span class='ocrx_word' id='word_1_83' title='bbox 597 1414 672 1472; x_wconf 90' lang='lat' dir='ltr'><strong>inter</strong></span> <span class='ocrx_word' id='word_1_84' title='bbox 691 1413 847 1472; x_wconf 78' lang='lat' dir='ltr'><strong>auxiliares</strong></span> <span class='ocrx_word' id='word_1_85' title='bbox 862 1412 1036 1473; x_wconf 78' lang='lat' dir='ltr'><strong>Ambraciae</strong></span> <span class='ocrx_word' id='word_1_86' title='bbox 1050 1413 1164 1472; x_wconf 92' lang='lat' dir='ltr'><strong>Histros</strong></span> <span class='ocrx_word' id='word_1_87' title='bbox 1185 1429 1256 1492; x_wconf 88' lang='lat' dir='ltr'><strong>quo·</strong></span> 
     </span>
     <span class='ocr_line' id='line_1_11' title="bbox 147 1517 473 1593; baseline 0.006 -19"><span class='ocrx_word' id='word_1_88' title='bbox 147 1533 204 1593; x_wconf 91' lang='lat' dir='ltr'><strong>que</strong></span> <span class='ocrx_word' id='word_1_89' title='bbox 226 1517 318 1577; x_wconf 85' lang='lat' dir='ltr'><strong>luisse</strong></span> <span class='ocrx_word' id='word_1_90' title='bbox 341 1518 473 1578; x_wconf 82' lang='lat' dir='ltr'><strong>adsumit.</strong></span> 
     </span>
    </p>
   </div>
   <div class='ocr_carea' id='block_1_3' title="bbox 608 1769 798 1833">
    <p class='ocr_par' dir='ltr' id='par_1_3' title="bbox 608 1769 798 1833">
     <span class='ocr_line' id='line_1_12' title="bbox 608 1769 798 1833; baseline 0.016 -3"><span class='ocrx_word' id='word_1_91' title='bbox 608 1769 734 1832; x_wconf 79' lang='lat' dir='ltr'><strong>GAPVT</strong></span> <span class='ocrx_word' id='word_1_92' title='bbox 758 1773 798 1833; x_wconf 93' lang='lat' dir='ltr'><strong>Vl</strong></span> 
     </span>
    </p>
   </div>
   <div class='ocr_carea' id='block_1_4' title="bbox 143 1938 1256 4340">
    <p class='ocr_par' dir='ltr' id='par_1_4' title="bbox 143 1938 1256 4340">
     <span class='ocr_line' id='line_1_13' title="bbox 233 1938 1255 2022; baseline 0.002 -25"><span class='ocrx_word' id='word_1_93' title='bbox 233 1938 385 1999; x_wconf 80' lang='lat' dir='ltr'><strong>Sextum</strong></span> <span class='ocrx_word' id='word_1_94' title='bbox 412 1940 785 2002; x_wconf 87' lang='lat' dir='ltr'><strong>decimumannalem</strong></span> <span class='ocrx_word' id='word_1_95' title='bbox 810 1951 897 2022; x_wconf 77' lang='lat' dir='ltr'><strong>poeta</strong></span> <span class='ocrx_word' id='word_1_96' title='bbox 926 1960 1002 2001; x_wconf 84' lang='lat' dir='ltr'><strong>tloutt</strong></span> <span class='ocrx_word' id='word_1_97' title='bbox 1029 1940 1151 1999; x_wconf 87' lang='lat' dir='ltr'><strong>exordio</strong></span> <span class='ocrx_word' id='word_1_98' title='bbox 1184 1941 1255 2015; x_wconf 79' lang='lat' dir='ltr'><strong>iniit,</strong></span> 
     </span>
     <span class='ocr_line' id='line_1_14' title="bbox 146 2044 1256 2126; baseline 0.001 -23"><span class='ocrx_word' id='word_1_99' title='bbox 146 2062 224 2124; x_wconf 83' lang='lat' dir='ltr'><strong>quo,</strong></span> <span class='ocrx_word' id='word_1_100' title='bbox 256 2044 334 2125; x_wconf 88' lang='lat' dir='ltr'><strong>quod</strong></span> <span class='ocrx_word' id='word_1_101' title='bbox 357 2046 472 2105; x_wconf 88' lang='lat' dir='ltr'><strong>residua</strong></span> <span class='ocrx_word' id='word_1_102' title='bbox 497 2066 513 2104; x_wconf 90' lang='lat' dir='ltr'><strong>e</strong></span> <span class='ocrx_word' id='word_1_103' title='bbox 538 2048 709 2125; x_wconf 91' lang='lat' dir='ltr'><strong>proboemio</strong></span> <span class='ocrx_word' id='word_1_104' title='bbox 733 2050 872 2126; x_wconf 89' lang='lat' dir='ltr'><strong>particula</strong></span> <span class='ocrx_word' id='word_1_105' title='bbox 903 2056 1004 2125; x_wconf 73' lang='lat' dir='ltr'><strong>qnippe</strong></span> <span class='ocrx_word' id='word_1_106' title='bbox 1033 2058 1138 2107; x_wconf 76' lang='lat' dir='ltr'><strong>arelacta</strong></span> <span class='ocrx_word' id='word_1_107' title='bbox 1164 2053 1256 2105; x_wconf 73' lang='lat' dir='ltr'><strong>ulmam</strong></span> 
     </span>
     <span class='ocr_line' id='line_1_15' title="bbox 145 2153 1254 2233; baseline -0.004 -20"><span class='ocrx_word' id='word_1_108' title='bbox 145 2174 201 2213; x_wconf 79' lang='lat' dir='ltr'><strong>iton</strong></span> <span class='ocrx_word' id='word_1_109' title='bbox 223 2162 265 2211; x_wconf 86' lang='lat' dir='ltr'><strong>est</strong></span> <span class='ocrx_word' id='word_1_110' title='bbox 286 2159 355 2211; x_wconf 86' lang='lat' dir='ltr'><strong>sutis</strong></span> <span class='ocrx_word' id='word_1_111' title='bbox 381 2156 450 2211; x_wconf 86' lang='lat' dir='ltr'><strong>bellu</strong></span> <span class='ocrx_word' id='word_1_112' title='bbox 475 2162 582 2213; x_wconf 82' lang='lat' dir='ltr'><strong>moueri</strong></span> <span class='ocrx_word' id='word_1_113' title='bbox 602 2155 661 2233; x_wconf 82' lang='grc' dir='ltr'>(ΙΙ)</span> <span class='ocrx_word' id='word_1_114' title='bbox 695 2155 816 2231; x_wconf 81' lang='lat' dir='ltr'><strong>indicat,</strong></span> <span class='ocrx_word' id='word_1_115' title='bbox 849 2157 884 2216; x_wconf 92' lang='lat' dir='ltr'><strong>ad</strong></span> <span class='ocrx_word' id='word_1_116' title='bbox 913 2175 961 2214; x_wconf 88' lang='lat' dir='ltr'><strong>rea</strong></span> <span class='ocrx_word' id='word_1_117' title='bbox 985 2174 1054 2213; x_wconf 89' lang='lat' dir='ltr'><strong>suae</strong></span> <span class='ocrx_word' id='word_1_118' title='bbox 1076 2153 1163 2212; x_wconf 88' lang='lat' dir='ltr'><strong>aetati</strong></span> <span class='ocrx_word' id='word_1_119' title='bbox 1189 2170 1254 2230; x_wconf 90' lang='lat' dir='ltr'><strong>pro·</strong></span> 
     </span>
     <span class='ocr_line' id='line_1_16' title="bbox 147 2258 1256 2337; baseline -0.001 -20"><span class='ocrx_word' id='word_1_120' title='bbox 147 2260 248 2337; x_wconf 87' lang='lat' dir='ltr'><strong>piores</strong></span> <span class='ocrx_word' id='word_1_121' title='bbox 274 2276 308 2318; x_wconf 87' lang='lat' dir='ltr'><strong>se</strong></span> <span class='ocrx_word' id='word_1_122' title='bbox 335 2258 517 2320; x_wconf 85' lang='lat' dir='ltr'><strong>descendere</strong></span> <span class='ocrx_word' id='word_1_123' title='bbox 546 2260 708 2337; x_wconf 87' lang='lat' dir='ltr'><strong>profitetur.</strong></span> <span class='ocrx_word' id='word_1_124' title='bbox 756 2261 848 2334; x_wconf 82' lang='lat' dir='ltr'><strong>Quem</strong></span> <span class='ocrx_word' id='word_1_125' title='bbox 879 2261 983 2321; x_wconf 88' lang='lat' dir='ltr'><strong>librum</strong></span> <span class='ocrx_word' id='word_1_126' title='bbox 1005 2261 1112 2320; x_wconf 84' lang='lat' dir='ltr'><strong>Plinius</strong></span> <span class='ocrx_word' id='word_1_127' title='bbox 1134 2267 1256 2318; x_wconf 89' lang='lat' dir='ltr'><strong>testatur</strong></span> 
     </span>
     <span class='ocr_line' id='line_1_17' title="bbox 145 2365 1253 2444; baseline 0 -20"><span class='ocrx_word' id='word_1_128' title='bbox 145 2365 324 2426; x_wconf 82' lang='lat' dir='ltr'><strong>Dentrem</strong></span> <span class='ocrx_word' id='word_1_129' title='bbox 347 2385 434 2426; x_wconf 87' lang='lat' dir='ltr'><strong>causa</strong></span> <span class='ocrx_word' id='word_1_130' title='bbox 458 2366 657 2444; x_wconf 88' lang='lat' dir='ltr'><strong>superioribus</strong></span> <span class='ocrx_word' id='word_1_131' title='bbox 680 2368 823 2427; x_wconf 88' lang='lat' dir='ltr'><strong>adiectum</strong></span> <span class='ocrx_word' id='word_1_132' title='bbox 845 2387 912 2427; x_wconf 89' lang='lat' dir='ltr'><strong>esse</strong></span> <span class='ocrx_word' id='word_1_133' title='bbox 934 2377 990 2428; x_wconf 91' lang='lat' dir='ltr'><strong>nat.</strong></span> <span class='ocrx_word' id='word_1_134' title='bbox 1015 2368 1080 2427; x_wconf 88' lang='lat' dir='ltr'><strong>bist.</strong></span> <span class='ocrx_word' id='word_1_135' title='bbox 1104 2366 1158 2425; x_wconf 92' lang='lat' dir='ltr'><strong>Vll</strong></span> <span class='ocrx_word' id='word_1_136' title='bbox 1177 2366 1253 2425; x_wconf 82' lang='lat'>101:</span> 
     </span>
     <span class='ocr_line' id='line_1_18' title="bbox 143 2475 1256 2550; baseline -0.002 -17"><span class='ocrx_word' id='word_1_137' title='bbox 143 2475 327 2548; x_wconf 71' lang='lat' dir='ltr'><strong>fortitudoiu</strong></span> <span class='ocrx_word' id='word_1_138' title='bbox 349 2494 402 2550; x_wconf 88' lang='lat' dir='ltr'><strong>quo</strong></span> <span class='ocrx_word' id='word_1_139' title='bbox 422 2492 554 2532; x_wconf 78' lang='lat' dir='ltr'><strong>maxume</strong></span> <span class='ocrx_word' id='word_1_140' title='bbox 574 2481 709 2534; x_wconf 77' lang='lat' dir='ltr'><strong>exstiterit</strong></span> <span class='ocrx_word' id='word_1_141' title='bbox 729 2481 869 2534; x_wconf 72' lang='lat' dir='ltr'><strong>illaiamne</strong></span> <span class='ocrx_word' id='word_1_142' title='bbox 890 2481 1055 2550; x_wconf 79' lang='lat' dir='ltr'><strong>qirrrcstionis</strong></span> <span class='ocrx_word' id='word_1_143' title='bbox 1080 2485 1131 2543; x_wconf 88' lang='lat' dir='ltr'><strong>cst,</strong></span> <span class='ocrx_word' id='word_1_144' title='bbox 1166 2479 1256 2548; x_wconf 81' lang='lat' dir='ltr'><strong>utique</strong></span> 
     </span>
     <span class='ocr_line' id='line_1_19' title="bbox 144 2584 1256 2656; baseline -0.002 -17"><span class='ocrx_word' id='word_1_145' title='bbox 144 2585 170 2639; x_wconf 87' lang='lat' dir='ltr'><strong>si</strong></span> <span class='ocrx_word' id='word_1_146' title='bbox 184 2584 298 2654; x_wconf 74' lang='lat' dir='ltr'><strong>poiticu</strong></span> <span class='ocrx_word' id='word_1_147' title='bbox 319 2585 472 2656; x_wconf 75' lang='lat' dir='ltr'><strong>recipnutur</strong></span> <span class='ocrx_word' id='word_1_148' title='bbox 497 2584 671 2656; x_wconf 76' lang='lat' dir='ltr'><strong>fabulositas.</strong></span> <span class='ocrx_word' id='word_1_149' title='bbox 717 2587 747 2654; x_wconf 80' lang='lat' dir='ltr'><strong>Q,</strong></span> <span class='ocrx_word' id='word_1_150' title='bbox 772 2586 880 2640; x_wconf 86' lang='lat' dir='ltr'><strong>Ennius</strong></span> <span class='ocrx_word' id='word_1_151' title='bbox 905 2585 936 2640; x_wconf 88' lang='grc' dir='ltr'><strong>Τ.</strong></span> <span class='ocrx_word' id='word_1_152' title='bbox 960 2585 1104 2642; x_wconf 74' lang='lat' dir='ltr'><strong>Caecilium</strong></span> <span class='ocrx_word' id='word_1_153' title='bbox 1124 2585 1256 2641; x_wconf 79' lang='lat' dir='ltr'><strong>Dentrem</strong></span> 
     </span>
     <span class='ocr_line' id='line_1_20' title="bbox 144 2690 1255 2764; baseline -0.001 -20"><span class='ocrx_word' id='word_1_154' title='bbox 144 2690 319 2762; x_wconf 78' lang='lat' dir='ltr'><strong>fratremque</strong></span> <span class='ocrx_word' id='word_1_155' title='bbox 339 2693 397 2747; x_wconf 87' lang='lat' dir='ltr'><strong>eius</strong></span> <span class='ocrx_word' id='word_1_156' title='bbox 412 2694 568 2764; x_wconf 75' lang='lat' dir='ltr'><strong>praecipue</strong></span> <span class='ocrx_word' id='word_1_157' title='bbox 586 2695 702 2748; x_wconf 83' lang='lat' dir='ltr'><strong>miratus</strong></span> <span class='ocrx_word' id='word_1_158' title='bbox 717 2698 837 2764; x_wconf 79' lang='lat' dir='ltr'><strong>propter</strong></span> <span class='ocrx_word' id='word_1_159' title='bbox 857 2706 903 2746; x_wconf 84' lang='lat' dir='ltr'><strong>cos</strong></span> <span class='ocrx_word' id='word_1_160' title='bbox 921 2698 1029 2748; x_wconf 78' lang='lat' dir='ltr'><strong>scstrtm</strong></span> <span class='ocrx_word' id='word_1_161' title='bbox 1042 2694 1184 2748; x_wconf 77' lang='lat' dir='ltr'><strong>ricciarium</strong></span> <span class='ocrx_word' id='word_1_162' title='bbox 1206 2690 1255 2743; x_wconf 80' lang='lat' dir='ltr'><strong>url-</strong></span> 
     </span>
     <span class='ocr_line' id='line_1_21' title="bbox 146 2793 1255 2871; baseline -0.001 -20"><span class='ocrx_word' id='word_1_163' title='bbox 146 2799 208 2852; x_wconf 84' lang='lat' dir='ltr'><strong>iccit</strong></span> <span class='ocrx_word' id='word_1_164' title='bbox 228 2798 368 2852; x_wconf 83' lang='lat' dir='ltr'><strong>annalem.</strong></span> <span class='ocrx_word' id='word_1_165' title='bbox 411 2793 494 2853; x_wconf 89' lang='lat' dir='ltr'><strong>Plinii</strong></span> <span class='ocrx_word' id='word_1_166' title='bbox 517 2793 631 2871; x_wconf 89' lang='lat' dir='ltr'><strong>quidem</strong></span> <span class='ocrx_word' id='word_1_167' title='bbox 650 2793 715 2853; x_wconf 90' lang='lat' dir='ltr'><strong>libri</strong></span> <span class='ocrx_word' id='word_1_168' title='bbox 734 2811 790 2852; x_wconf 94' lang='lat' dir='ltr'><strong>non</strong></span> <span class='ocrx_word' id='word_1_169' title='bbox 806 2793 944 2852; x_wconf 89' lang='lat' dir='ltr'><strong>Dentrem</strong></span> <span class='ocrx_word' id='word_1_170' title='bbox 968 2796 1019 2855; x_wconf 89' lang='lat' dir='ltr'><strong>sed</strong></span> <span class='ocrx_word' id='word_1_171' title='bbox 1036 2794 1178 2854; x_wconf 82' lang='lat' dir='ltr'><strong>Teucrum</strong></span> <span class='ocrx_word' id='word_1_172' title='bbox 1205 2811 1255 2851; x_wconf 82' lang='lat' dir='ltr'><strong>eu·</strong></span> 
     </span>
     <span class='ocr_line' id='line_1_22' title="bbox 147 2898 1256 2978; baseline -0.002 -20"><span class='ocrx_word' id='word_1_173' title='bbox 147 2898 263 2975; x_wconf 89' lang='lat' dir='ltr'><strong>bibent,</strong></span> <span class='ocrx_word' id='word_1_174' title='bbox 298 2901 375 2978; x_wconf 90' lang='lat' dir='ltr'><strong>quod</strong></span> <span class='ocrx_word' id='word_1_175' title='bbox 409 2900 478 2961; x_wconf 93' lang='lat' dir='ltr'><strong>olim</strong></span> <span class='ocrx_word' id='word_1_176' title='bbox 506 2909 670 2960; x_wconf 90' lang='lat' dir='ltr'><strong>correctum</strong></span> <span class='ocrx_word' id='word_1_177' title='bbox 703 2910 756 2960; x_wconf 90' lang='lat' dir='ltr'><strong>est.</strong></span> <span class='ocrx_word' id='word_1_178' title='bbox 803 2899 882 2959; x_wconf 89' lang='lat' dir='ltr'><strong>Titus</strong></span> <span class='ocrx_word' id='word_1_179' title='bbox 906 2909 1000 2959; x_wconf 90' lang='lat' dir='ltr'><strong>autem</strong></span> <span class='ocrx_word' id='word_1_180' title='bbox 1024 2898 1170 2960; x_wconf 87' lang='lat' dir='ltr'><strong>Caecilius</strong></span> <span class='ocrx_word' id='word_1_181' title='bbox 1193 2918 1256 2958; x_wconf 90' lang='lat' dir='ltr'><strong>cum</strong></span> 
     </span>
     <span class='ocr_line' id='line_1_23' title="bbox 148 3004 1256 3084; baseline 0 -21"><span class='ocrx_word' id='word_1_182' title='bbox 148 3023 232 3065; x_wconf 91' lang='lat' dir='ltr'><strong>nemo</strong></span> <span class='ocrx_word' id='word_1_183' title='bbox 264 3023 299 3064; x_wconf 91' lang='lat' dir='ltr'><strong>ea</strong></span> <span class='ocrx_word' id='word_1_184' title='bbox 319 3015 415 3067; x_wconf 90' lang='lat' dir='ltr'><strong>aetate</strong></span> <span class='ocrx_word' id='word_1_185' title='bbox 440 3023 524 3084; x_wconf 87' lang='lat' dir='ltr'><strong>qrram</strong></span> <span class='ocrx_word' id='word_1_186' title='bbox 546 3006 573 3063; x_wconf 95' lang='lat' dir='ltr'><strong>in</strong></span> <span class='ocrx_word' id='word_1_187' title='bbox 599 3004 674 3064; x_wconf 86' lang='lat' dir='ltr'><strong>buno</strong></span> <span class='ocrx_word' id='word_1_188' title='bbox 704 3006 836 3064; x_wconf 88' lang='lat' dir='ltr'><strong>annalem</strong></span> <span class='ocrx_word' id='word_1_189' title='bbox 867 3006 1003 3064; x_wconf 88' lang='lat' dir='ltr'><strong>incidisse</strong></span> <span class='ocrx_word' id='word_1_190' title='bbox 1031 3005 1183 3083; x_wconf 87' lang='lat' dir='ltr'><strong>probabile</strong></span> <span class='ocrx_word' id='word_1_191' title='bbox 1211 3013 1256 3063; x_wconf 91' lang='lat' dir='ltr'><strong>est</strong></span> 
     </span>
     <span class='ocr_line' id='line_1_24' title="bbox 148 3109 1255 3187; baseline -0.004 -15"><span class='ocrx_word' id='word_1_192' title='bbox 148 3121 401 3187; x_wconf 84' lang='lat' dir='ltr'><strong>commemoretur,</strong></span> <span class='ocrx_word' id='word_1_193' title='bbox 425 3110 553 3170; x_wconf 88' lang='lat' dir='ltr'><strong>Hocbius</strong></span> <span class='ocrx_word' id='word_1_194' title='bbox 576 3111 612 3170; x_wconf 89' lang='lat' dir='ltr'><strong>de</strong></span> <span class='ocrx_word' id='word_1_195' title='bbox 628 3109 711 3169; x_wconf 88' lang='lat' dir='ltr'><strong>Ennii</strong></span> <span class='ocrx_word' id='word_1_196' title='bbox 735 3130 799 3169; x_wconf 90' lang='lat' dir='ltr'><strong>ann.</strong></span> <span class='ocrx_word' id='word_1_197' title='bbox 824 3112 924 3187; x_wconf 82' lang='lat' dir='ltr'><strong>fragm.</strong></span> <span class='ocrx_word' id='word_1_198' title='bbox 950 3111 1012 3170; x_wconf 89' lang='lat' dir='ltr'><strong>aP.</strong></span> <span class='ocrx_word' id='word_1_199' title='bbox 1029 3111 1140 3170; x_wconf 84' lang='lat' dir='ltr'><strong>Merula</strong></span> <span class='ocrx_word' id='word_1_200' title='bbox 1164 3113 1255 3169; x_wconf 82' lang='lat' dir='ltr'><strong>arietis</strong></span> 
     </span>
     <span class='ocr_line' id='line_1_25' title="bbox 149 3215 1255 3299; baseline -0.005 -20"><span class='ocrx_word' id='word_1_201' title='bbox 149 3238 178 3299; x_wconf 89' lang='lat' dir='ltr'><strong>p.</strong></span> <span class='ocrx_word' id='word_1_202' title='bbox 202 3219 242 3278; x_wconf 85' lang='grc'><strong>47</strong></span> <span class='ocrx_word' id='word_1_203' title='bbox 266 3218 384 3278; x_wconf 85' lang='lat' dir='ltr'><strong>Lucium</strong></span> <span class='ocrx_word' id='word_1_204' title='bbox 411 3219 552 3295; x_wconf 83' lang='lat' dir='ltr'><strong>reposuit.</strong></span> <span class='ocrx_word' id='word_1_205' title='bbox 599 3217 657 3277; x_wconf 89' lang='lat' dir='ltr'><strong>Sed</strong></span> <span class='ocrx_word' id='word_1_206' title='bbox 686 3217 721 3275; x_wconf 87' lang='lat' dir='ltr'><strong>de</strong></span> <span class='ocrx_word' id='word_1_207' title='bbox 747 3217 885 3276; x_wconf 88' lang='lat' dir='ltr'><strong>Dentrum</strong></span> <span class='ocrx_word' id='word_1_208' title='bbox 914 3217 1002 3276; x_wconf 89' lang='lat' dir='ltr'><strong>rebus</strong></span> <span class='ocrx_word' id='word_1_209' title='bbox 1035 3215 1184 3276; x_wconf 87' lang='lat' dir='ltr'><strong>admodum</strong></span> <span class='ocrx_word' id='word_1_210' title='bbox 1213 3223 1255 3274; x_wconf 92' lang='lat' dir='ltr'><strong>te·</strong></span> 
     </span>
     <span class='ocr_line' id='line_1_26' title="bbox 146 3321 1256 3404; baseline -0.002 -21"><span class='ocrx_word' id='word_1_211' title='bbox 146 3327 209 3383; x_wconf 89' lang='lat' dir='ltr'><strong>uuis</strong></span> <span class='ocrx_word' id='word_1_212' title='bbox 232 3324 310 3404; x_wconf 92' lang='lat' dir='ltr'><strong>apud</strong></span> <span class='ocrx_word' id='word_1_213' title='bbox 331 3323 440 3384; x_wconf 88' lang='lat' dir='ltr'><strong>Liuium</strong></span> <span class='ocrx_word' id='word_1_214' title='bbox 460 3327 599 3385; x_wconf 90' lang='lat' dir='ltr'><strong>memoria</strong></span> <span class='ocrx_word' id='word_1_215' title='bbox 622 3333 715 3383; x_wconf 88' lang='lat' dir='ltr'><strong>extat:</strong></span> <span class='ocrx_word' id='word_1_216' title='bbox 739 3323 842 3382; x_wconf 84' lang='lat' dir='ltr'><strong>bucius</strong></span> <span class='ocrx_word' id='word_1_217' title='bbox 865 3342 890 3382; x_wconf 92' lang='lat' dir='ltr'><strong>a.</strong></span> <span class='ocrx_word' id='word_1_218' title='bbox 919 3343 945 3381; x_wconf 91' lang='lat' dir='ltr'><strong>u.</strong></span> <span class='ocrx_word' id='word_1_219' title='bbox 969 3343 995 3384; x_wconf 90' lang='lat' dir='ltr'><strong>c.</strong></span> <span class='ocrx_word' id='word_1_220' title='bbox 1023 3322 1085 3382; x_wconf 83' lang='lat'><strong>570</strong></span> <span class='ocrx_word' id='word_1_221' title='bbox 1108 3323 1135 3380; x_wconf 94' lang='lat' dir='ltr'><strong>in</strong></span> <span class='ocrx_word' id='word_1_222' title='bbox 1156 3321 1256 3381; x_wconf 88' lang='lat' dir='ltr'><strong>Sicilia</strong></span> 
     </span>
     <span class='ocr_line' id='line_1_27' title="bbox 149 3429 1256 3510; baseline 0 -22"><span class='ocrx_word' id='word_1_223' title='bbox 149 3437 269 3507; x_wconf 92' lang='lat' dir='ltr'><strong>praetor</strong></span> <span class='ocrx_word' id='word_1_224' title='bbox 297 3429 388 3490; x_wconf 87' lang='lat' dir='ltr'><strong>luisse</strong></span> <span class='ocrx_word' id='word_1_225' title='bbox 419 3431 589 3510; x_wconf 88' lang='lat' dir='ltr'><strong>perhibetur</strong></span> <span class='ocrx_word' id='word_1_226' title='bbox 616 3429 664 3488; x_wconf 87' lang='lat' dir='ltr'><strong>XL</strong></span> <span class='ocrx_word' id='word_1_227' title='bbox 697 3432 730 3504; x_wconf 78' lang='lat' dir='ltr'><strong>l,</strong></span> <span class='ocrx_word' id='word_1_228' title='bbox 763 3429 878 3491; x_wconf 83' lang='lat' dir='ltr'><strong>Marcus</strong></span> <span class='ocrx_word' id='word_1_229' title='bbox 908 3431 998 3490; x_wconf 91' lang='lat' dir='ltr'><strong>irater</strong></span> <span class='ocrx_word' id='word_1_230' title='bbox 1027 3450 1052 3490; x_wconf 88' lang='lat' dir='ltr'><strong>a.</strong></span> <span class='ocrx_word' id='word_1_231' title='bbox 1085 3449 1112 3488; x_wconf 90' lang='lat' dir='ltr'><strong>u.</strong></span> <span class='ocrx_word' id='word_1_232' title='bbox 1141 3447 1167 3488; x_wconf 93' lang='lat' dir='ltr'><strong>c.</strong></span> <span class='ocrx_word' id='word_1_233' title='bbox 1194 3429 1256 3489; x_wconf 79' lang='grc'><strong>579</strong></span> 
     </span>
     <span class='ocr_line' id='line_1_28' title="bbox 148 3536 1256 3613; baseline -0.004 -15"><span class='ocrx_word' id='word_1_234' title='bbox 148 3537 182 3598; x_wconf 93' lang='lat' dir='ltr'><strong>ad</strong></span> <span class='ocrx_word' id='word_1_235' title='bbox 205 3536 381 3596; x_wconf 81' lang='lat' dir='ltr'><strong>Antiochum</strong></span> <span class='ocrx_word' id='word_1_236' title='bbox 411 3557 445 3597; x_wconf 92' lang='lat' dir='ltr'><strong>ac</strong></span> <span class='ocrx_word' id='word_1_237' title='bbox 467 3537 664 3597; x_wconf 90' lang='lat' dir='ltr'><strong>Ptolemaeum</strong></span> <span class='ocrx_word' id='word_1_238' title='bbox 695 3540 880 3600; x_wconf 90' lang='lat' dir='ltr'><strong>renouandae</strong></span> <span class='ocrx_word' id='word_1_239' title='bbox 904 3539 1046 3599; x_wconf 88' lang='lat' dir='ltr'><strong>amicitiae</strong></span> <span class='ocrx_word' id='word_1_240' title='bbox 1066 3554 1152 3596; x_wconf 88' lang='lat' dir='ltr'><strong>causa</strong></span> <span class='ocrx_word' id='word_1_241' title='bbox 1176 3536 1256 3613; x_wconf 85' lang='lat' dir='ltr'><strong>lega·</strong></span> 
     </span>
     <span class='ocr_line' id='line_1_29' title="bbox 148 3642 1256 3724; baseline 0.001 -21"><span class='ocrx_word' id='word_1_242' title='bbox 148 3653 193 3703; x_wconf 86' lang='lat' dir='ltr'><strong>tus</strong></span> <span class='ocrx_word' id='word_1_243' title='bbox 214 3644 304 3702; x_wconf 87' lang='lat' dir='ltr'><strong>luisse</strong></span> <span class='ocrx_word' id='word_1_244' title='bbox 326 3643 404 3703; x_wconf 89' lang='lat' dir='ltr'>XLII</span> <span class='ocrx_word' id='word_1_245' title='bbox 419 3645 448 3705; x_wconf 90' lang='grc'><strong>6.</strong></span> <span class='ocrx_word' id='word_1_246' title='bbox 494 3644 615 3703; x_wconf 85' lang='lat' dir='ltr'><strong>Rettulit</strong></span> <span class='ocrx_word' id='word_1_247' title='bbox 634 3643 708 3703; x_wconf 89' lang='lat' dir='ltr'><strong>haec</strong></span> <span class='ocrx_word' id='word_1_248' title='bbox 729 3642 761 3702; x_wconf 75' lang='lat' dir='ltr'><strong>ll.</strong></span> <span class='ocrx_word' id='word_1_249' title='bbox 782 3644 910 3704; x_wconf 85' lang='lat' dir='ltr'><strong>Ritterus</strong></span> <span class='ocrx_word' id='word_1_250' title='bbox 933 3663 1050 3724; x_wconf 86' lang='lat' dir='ltr'><strong>quoque</strong></span> <span class='ocrx_word' id='word_1_251' title='bbox 1072 3644 1091 3702; x_wconf 93' lang='lat' dir='ltr'><strong>l.</strong></span> <span class='ocrx_word' id='word_1_252' title='bbox 1105 3642 1124 3702; x_wconf 94' lang='lat' dir='ltr'><strong>l.</strong></span> <span class='ocrx_word' id='word_1_253' title='bbox 1149 3660 1176 3721; x_wconf 94' lang='lat' dir='ltr'><strong>p.</strong></span> <span class='ocrx_word' id='word_1_254' title='bbox 1194 3642 1256 3704; x_wconf 83' lang='lat'><strong>386</strong></span> 
     </span>
     <span class='ocr_line' id='line_1_30' title="bbox 148 3749 1254 3829; baseline -0.002 -20"><span class='ocrx_word' id='word_1_255' title='bbox 148 3749 216 3809; x_wconf 93' lang='lat' dir='ltr'><strong>illud</strong></span> <span class='ocrx_word' id='word_1_256' title='bbox 246 3767 305 3808; x_wconf 91' lang='lat' dir='ltr'><strong>nou</strong></span> <span class='ocrx_word' id='word_1_257' title='bbox 328 3749 560 3810; x_wconf 88' lang='lat' dir='ltr'><strong>animaduertens</strong></span> <span class='ocrx_word' id='word_1_258' title='bbox 582 3770 666 3829; x_wconf 91' lang='lat' dir='ltr'><strong>quam</strong></span> <span class='ocrx_word' id='word_1_259' title='bbox 689 3769 789 3829; x_wconf 88' lang='lat' dir='ltr'><strong>parum</strong></span> <span class='ocrx_word' id='word_1_260' title='bbox 811 3752 885 3812; x_wconf 91' lang='lat' dir='ltr'><strong>baec</strong></span> <span class='ocrx_word' id='word_1_261' title='bbox 913 3753 1086 3811; x_wconf 87' lang='lat' dir='ltr'><strong>conueniant</strong></span> <span class='ocrx_word' id='word_1_262' title='bbox 1108 3750 1135 3808; x_wconf 93' lang='lat' dir='ltr'><strong>ei</strong></span> <span class='ocrx_word' id='word_1_263' title='bbox 1157 3768 1173 3807; x_wconf 88' lang='lat' dir='ltr'><strong>o</strong></span> <span class='ocrx_word' id='word_1_264' title='bbox 1197 3767 1254 3827; x_wconf 90' lang='lat' dir='ltr'><strong>quo</strong></span> 
     </span>
     <span class='ocr_line' id='line_1_31' title="bbox 148 3854 1255 3934; baseline -0.002 -19"><span class='ocrx_word' id='word_1_265' title='bbox 148 3873 279 3933; x_wconf 80' lang='lat' dir='ltr'><strong>magnam</strong></span> <span class='ocrx_word' id='word_1_266' title='bbox 304 3854 341 3915; x_wconf 89' lang='lat' dir='ltr'><strong>de</strong></span> <span class='ocrx_word' id='word_1_267' title='bbox 365 3855 521 3914; x_wconf 88' lang='lat' dir='ltr'><strong>Dentribus</strong></span> <span class='ocrx_word' id='word_1_268' title='bbox 547 3858 783 3934; x_wconf 84' lang='lat' dir='ltr'><strong>expectationem</strong></span> <span class='ocrx_word' id='word_1_269' title='bbox 812 3858 956 3919; x_wconf 88' lang='lat' dir='ltr'><strong>haurimus</strong></span> <span class='ocrx_word' id='word_1_270' title='bbox 977 3857 1141 3918; x_wconf 92' lang='lat' dir='ltr'><strong>testimonio</strong></span> <span class='ocrx_word' id='word_1_271' title='bbox 1163 3855 1255 3915; x_wconf 91' lang='lat' dir='ltr'><strong>Plinii.</strong></span> 
     </span>
     <span class='ocr_line' id='line_1_32' title="bbox 148 3960 1256 4041; baseline -0.001 -21"><span class='ocrx_word' id='word_1_272' title='bbox 148 3961 185 4020; x_wconf 81' lang='lat' dir='ltr'><strong>m</strong></span> <span class='ocrx_word' id='word_1_273' title='bbox 206 3961 329 4020; x_wconf 89' lang='lat' dir='ltr'><strong>dandum</strong></span> <span class='ocrx_word' id='word_1_274' title='bbox 355 3970 400 4021; x_wconf 93' lang='lat' dir='ltr'><strong>est</strong></span> <span class='ocrx_word' id='word_1_275' title='bbox 422 3960 530 4040; x_wconf 89' lang='lat' dir='ltr'><strong>aliquid</strong></span> <span class='ocrx_word' id='word_1_276' title='bbox 551 3964 687 4041; x_wconf 77' lang='lat' dir='ltr'><strong>poeticae</strong></span> <span class='ocrx_word' id='word_1_277' title='bbox 710 3982 794 4041; x_wconf 88' lang='lat' dir='ltr'><strong>quam</strong></span> <span class='ocrx_word' id='word_1_278' title='bbox 810 3964 859 4024; x_wconf 92' lang='lat' dir='ltr'><strong>ille</strong></span> <span class='ocrx_word' id='word_1_279' title='bbox 875 3966 943 4025; x_wconf 88' lang='lat' dir='ltr'><strong>dicit</strong></span> <span class='ocrx_word' id='word_1_280' title='bbox 961 3964 1149 4038; x_wconf 84' lang='lat' dir='ltr'><strong>fabulositati‚</strong></span> <span class='ocrx_word' id='word_1_281' title='bbox 1170 3970 1256 4039; x_wconf 88' lang='lat' dir='ltr'><strong>atque</strong></span> 
     </span>
     <span class='ocr_line' id='line_1_33' title="bbox 147 4066 1256 4147; baseline -0.003 -20"><span class='ocrx_word' id='word_1_282' title='bbox 147 4066 269 4127; x_wconf 86' lang='lat' dir='ltr'><strong>Ennium</strong></span> <span class='ocrx_word' id='word_1_283' title='bbox 299 4066 440 4126; x_wconf 87' lang='lat' dir='ltr'><strong>credibile</strong></span> <span class='ocrx_word' id='word_1_284' title='bbox 464 4077 527 4143; x_wconf 80' lang='lat' dir='ltr'><strong>est,</strong></span> <span class='ocrx_word' id='word_1_285' title='bbox 556 4088 619 4128; x_wconf 92' lang='lat' dir='ltr'><strong>cum</strong></span> <span class='ocrx_word' id='word_1_286' title='bbox 641 4069 723 4147; x_wconf 90' lang='lat' dir='ltr'><strong>plura</strong></span> <span class='ocrx_word' id='word_1_287' title='bbox 745 4068 781 4128; x_wconf 93' lang='lat' dir='ltr'><strong>de</strong></span> <span class='ocrx_word' id='word_1_288' title='bbox 805 4069 862 4128; x_wconf 90' lang='lat' dir='ltr'><strong>illis</strong></span> <span class='ocrx_word' id='word_1_289' title='bbox 885 4070 954 4128; x_wconf 88' lang='lat' dir='ltr'><strong>uiris</strong></span> <span class='ocrx_word' id='word_1_290' title='bbox 975 4068 1150 4147; x_wconf 88' lang='lat' dir='ltr'><strong>compererit</strong></span> <span class='ocrx_word' id='word_1_291' title='bbox 1173 4084 1256 4143; x_wconf 91' lang='lat' dir='ltr'><strong>quam</strong></span> 
     </span>
     <span class='ocr_line' id='line_1_34' title="bbox 145 4171 1256 4255; baseline -0.002 -23"><span class='ocrx_word' id='word_1_292' title='bbox 145 4174 322 4251; x_wconf 87' lang='lat' dir='ltr'><strong>scriptorum</strong></span> <span class='ocrx_word' id='word_1_293' title='bbox 351 4171 496 4232; x_wconf 80' lang='lat' dir='ltr'><strong>beneficio</strong></span> <span class='ocrx_word' id='word_1_294' title='bbox 532 4174 566 4233; x_wconf 92' lang='lat' dir='ltr'><strong>ad</strong></span> <span class='ocrx_word' id='word_1_295' title='bbox 592 4193 645 4234; x_wconf 90' lang='lat' dir='ltr'><strong>nos</strong></span> <span class='ocrx_word' id='word_1_296' title='bbox 678 4186 868 4255; x_wconf 86' lang='lat' dir='ltr'><strong>propagatum</strong></span> <span class='ocrx_word' id='word_1_297' title='bbox 890 4184 952 4250; x_wconf 86' lang='lat' dir='ltr'><strong>est,</strong></span> <span class='ocrx_word' id='word_1_298' title='bbox 986 4192 1021 4233; x_wconf 92' lang='lat' dir='ltr'><strong>ea</strong></span> <span class='ocrx_word' id='word_1_299' title='bbox 1050 4175 1108 4233; x_wconf 91' lang='lat' dir='ltr'><strong>suis</strong></span> <span class='ocrx_word' id='word_1_300' title='bbox 1134 4172 1256 4230; x_wconf 89' lang='lat' dir='ltr'><strong>inuentis</strong></span> 
     </span>
     <span class='ocr_line' id='line_1_35' title="bbox 144 4279 779 4340; baseline 0 -1"><span class='ocrx_word' id='word_1_301' title='bbox 144 4280 230 4340; x_wconf 88' lang='lat' dir='ltr'><strong>etiam</strong></span> <span class='ocrx_word' id='word_1_302' title='bbox 252 4279 281 4338; x_wconf 92' lang='lat' dir='ltr'><strong>in</strong></span> <span class='ocrx_word' id='word_1_303' title='bbox 296 4280 388 4339; x_wconf 89' lang='lat' dir='ltr'><strong>maius</strong></span> <span class='ocrx_word' id='word_1_304' title='bbox 407 4297 579 4340; x_wconf 88' lang='lat' dir='ltr'><strong>exornasse.</strong></span> <span class='ocrx_word' id='word_1_305' title='bbox 776 4292 779 4298; x_wconf 86' lang='lat'>&#39;</span> 
     </span>
    </p>
   </div>
   <div class='ocr_carea' id='block_1_5' title="bbox 0 0 1423 4988">
    <p class='ocr_par' dir='ltr' id='par_1_5' title="bbox 0 0 1423 4988">
     <span class='ocr_line' id='line_1_36' title="bbox 0 0 1423 4988; baseline 0 0"><span class='ocrx_word' id='word_1_306' title='bbox 0 0 1423 4988; x_wconf 95' lang='lat' dir='ltr'><strong> </strong></span> 
     </span>
    </p>
   </div>
  </div>
 </body>
</html>
