2834 4988
150 386 233 432 novt
550 372 865 441 QVAESTlOIiES

147 559 314 618 agnoscere
332 537 468 611 uidebar,
492 549 520 597 ut
538 537 684 616 llbergius
702 541 839 615 agnouit,
862 557 927 596 eum
942 540 991 616 qai
1007 540 1035 597 in
1051 550 1262 617 prouocantem

149 645 305 724 superbius
329 644 442 704 Gallum
467 645 589 705 inuadit:
628 664 799 726 quamquam
827 664 884 704 non
913 645 1016 705 nescio
1043 645 1187 723 alterum,
1218 650 1262 708 cui

148 754 224 812 bunc
246 770 363 811 uersum
389 752 614 827 accommodes,
638 763 787 814 certamen
810 751 958 829 singulare
979 752 1007 810 is
1027 761 1167 832 promptu
1182 772 1261 831 osse,

148 860 236 935 illud,
259 877 318 937 quo
333 857 473 937 Torquati
496 860 584 919 lilium
605 879 669 919 cum
686 862 786 938 equite
802 857 969 919 Tusculano
984 875 1181 936 congressum
1195 878 1261 921 esse

149 967 246 1025 liuius
272 965 339 1026 l'lll
367 969 385 1026 7
412 967 574 1045 perbibuit:
602 978 693 1028 mouet
715 971 838 1042 ferocem
865 972 986 1024 uam
1011 972 1121 1026 immas
1143 985 1195 1027 reu
1218 974 1262 1027 inu

146 1093 196 1133 seu
227 1078 400 1134 detrectandi
433 1082 594 1133 certaminis
620 1079 739 1151 pudor,
772 1092 822 1132 seu
855 1076 1091 1147 memmius
1121 1079 1168 1133 sris
1195 1077 1262 1151 suti.-

147 1186 243 1241 cbiitus
274 1188 365 1258 itaque
400 1189 512 1258 imperii
539 1188 632 1257 patrii
661 1186 858 1256 consultumque
890 1183 972 1237 etlieti
995 1197 1140 1254 preceps
1172 1183 1213 1239 ud
1235 1183 1264 1239 id

148 1300 288 1346 certarnen
318 1295 419 1364 apuu.
475 1287 561 1362 Quod
594 1291 619 1347 si
649 1285 843 1366 praetuleris,
879 1286 961 1363 primi
993 1292 1024 1343 et
1049 1284 1172 1345 scandi
1198 1303 1261 1346 ner·

150 1414 231 1454 sunni
255 1395 329 1453 ordo
357 1396 516 1454 innonatur
543 1412 668 1455 necesse
700 1402 755 1452 est.
801 1390 847 1451 ttti
870 1408 957 1469 vasu
982 1407 1041 1467 ego
1063 1399 1183 1451 secutus
1201 1409 1261 1451 sum

152 1501 316 1560 sententiae
345 1502 388 1558 sin
414 1501 600 1579 astipularis,
633 1520 670 1560 er
702 1499 821 1559 incertis
850 1496 906 1556 buc
936 1497 1046 1557 addere
1072 1497 1261 1575 fragmentum

152 1608 250 1666 licebit
279 1609 352 1681 (inc.
374 1609 437 1670 sed.
460 1607 548 1686 Xl'):
579 1626 638 1686 quo
664 1606 863 1666 detruncatum
891 1604 928 1663 ab
947 1602 1056 1664 llanlio
1076 1603 1155 1665 Galli
1175 1613 1260 1684 caput

149 1715 333 1792 depingatur.
372 1714 417 1774 De
443 1734 480 1775 eo
503 1716 660 1775 certamine
677 1710 790 1771 Claudii
807 1710 992 1787 Quadrigarii
1008 1712 1154 1785 narratio,
1178 1728 1261 1789 quarn

150 1821 246 1880 multis
274 1819 436 1879 nominibus
459 1820 635 1881 Niebnbrius
660 1817 733 1878 llist.
758 1816 841 1876 Rom.
866 1816 906 1877 tlt
933 1814 974 1876 88
1001 1815 1119 1878 Liuiano
1144 1817 1260 1877 inferio-

150 1947 210 1987 rem
237 1927 361 2002 indicat,
388 1947 442 2007 per
465 1928 551 1988 (lollii
572 1926 739 1987 industriam
767 1921 825 1998 (tx
852 1922 905 2000 13)
935 1923 971 1983 ad
989 1940 1044 1982 nos
1070 1926 1259 2002 permanserit.

150 2031 290 2094 Claudius
319 2036 407 2111 igitur
429 2036 503 2095 baec
530 2034 586 2094 ibi:
616 2037 664 2092 ubi
689 2051 749 2091 eum
777 2037 890 2101 onerat,
912 2040 1000 2108 eaput
1020 2036 1175 2106 praecidit,
1193 2042 1261 2093 tor

152 2160 231 2215 quan
253 2145 377 2201 detrusit
397 2161 511 2218 eumqioe
532 2145 770 2217 sanguinulentam
798 2141 851 2196 stoi
873 2143 902 2195 in
930 2141 1029 2197 eodum
1057 2143 1174 2214 inponit.
1217 2138 1261 2199 Ad

151 2246 274 2306 eundern
296 2265 392 2307 rerum
412 2258 562 2322 tenorem,
590 2246 660 2306 licet
678 2261 784 2303 nexum
805 2260 863 2302 non
885 2243 994 2302 certius
1016 2240 1170 2321 deliniam,
1193 2264 1261 2324 per·

151 2355 242 2426 tinet,
276 2353 305 2409 ni
335 2352 440 2427 labor,
478 2351 536 2411 boo
563 2369 680 2431 qnoque
708 2348 861 2409 irnstnlnnr
885 2359 986 2426 uquust
1012 2369 1133 2427 mperes
1158 2356 1262 2413 lum

154 2457 238 2534 (ΙΙΙ).
278 2457 365 2529 Quod
389 2456 534 2536 llbergius
564 2458 708 2518 inlustrari
733 2454 805 2515 Liuii
838 2457 1002 2516 narratione
1033 2474 1109 2535 quae
1137 2468 1184 2519 est
1208 2457 1261 2519 snb

151 2565 259 2623 initium
283 2562 348 2621 libri
369 2565 465 2623 octaui
484 2564 665 2644 opinabatur.
711 2563 854 2624 Samnites
875 2562 969 2639 enim,
992 2572 1147 2642 postquam
1170 2564 1260 2643 primo

152 2689 215 2730 cunr
233 2669 370 2729 Romanis
390 2670 567 2733 debellatum
584 2681 645 2748 est,
668 2689 684 2730 a
699 2670 805 2731 Latinis
824 2667 1038 2749 Campanisque
1052 2670 1259 2732 sollicitantur:

151 2779 188 2838 de
211 2794 248 2837 eo
271 2776 361 2853 legati
383 2779 549 2838 Samnitium
572 2777 682 2837 Rornae
705 2779 858 2854 conquesti
881 2787 961 2837 sunt:
989 2795 1099 2856 anceps
1117 2797 1136 2839 a
1157 2777 1260 2839 lloma·

151 2885 195 2943 nis
210 2901 382 2962 responsum
398 2883 509 2944 datum:
529 2887 606 2964 qnod
623 2881 803 2961 ‘Campanos
818 2892 895 2942 metu
907 2885 1093 2961 abalienabit,
1107 2885 1261 2946 batiuos

151 2989 255 3050 uelut
283 2990 374 3050 nihil
395 2993 459 3051 iarn
481 3010 551 3051 non
574 2988 874 3052 concedentibus
894 2989 1067 3052 Romanis
1090 2990 1260 3052 ferocio-

151 3116 210 3157 res
226 3097 240 3157 l
243 3099 336 3157 eoit’
352 3096 435 3175 (Vlll
447 3098 493 3178 3).
511 3099 575 3159 lloc
587 3099 661 3158 enim
674 3095 840 3174 significare
853 3106 933 3175 putat
946 3106 1074 3177 poetam,
1087 3114 1261 3177 comaquan

150 3222 300 3284 aspersam
314 3222 381 3264 esse
390 3204 496 3266 latinis
508 3206 595 3280 dicat,
609 3221 663 3264 eos
675 3202 867 3282 superbiores
879 3206 1021 3264 euasisse.
1040 3205 1148 3266 Verum
1159 3206 1185 3265 is
1196 3223 1260 3266 sen·

152 3330 201 3371 sus
215 3311 313 3371 differt
335 3327 392 3370 non
416 3311 486 3372 nibil
511 3309 548 3371 ab
571 3311 699 3370 eiusdem
720 3309 876 3368 locutionis
899 3329 951 3369 usu
967 3310 1116 3388 Plautino,
1140 3328 1260 3391 quomo

151 3416 258 3477 Bnecb.
276 3436 303 3475 u.
320 3416 382 3476 247
396 3433 572 3493 cognoscas.
607 3415 633 3473 Δ
653 3431 709 3492 quo
729 3415 806 3492 quod
824 3414 953 3476 lloobius
968 3414 1076 3477 Exerc.
1094 3419 1158 3478 crit.
1175 3436 1205 3497 p.
1226 3414 1261 3476 12

151 3522 260 3582 distare
291 3523 397 3581 dictum
420 3521 579 3581 Ennianum
608 3520 781 3595 arbitratur,
812 3523 910 3600 opinio
934 3541 998 3582 enm
1019 3522 1136 3583 lelellit.
1181 3518 1273 3599 Ergo

151 3628 225 3688 baec
247 3637 292 3687 est
316 3628 454 3688 uersiculi
476 3629 636 3701 sententia,
660 3626 766 3686 latinis
788 3628 997 3706 trepidantibus
1021 3647 1057 3689 uc
1075 3629 1182 3688 timidis
1198 3626 1261 3687 red·

128 3734 239 3793 ditum
259 3751 328 3793 esse
351 3738 453 3796 nescio
477 3755 535 3816 quo
559 3752 628 3793 casu
651 3734 784 3793 animum.
822 3731 893 3793 Gom
910 3734 1042 3794 Plautino
1064 3733 1139 3792 euim
1162 3751 1261 3809 usper-

150 3847 210 3900 n'sti
234 3862 336 3916 opum
362 3841 513 3915 conuenit,
543 3841 621 3917 qnod
649 3851 771 3920 perapte
801 3841 922 3901 contulit
946 3840 1085 3901 Erasmus
1113 3838 1209 3917 Adag.
1233 3856 1260 3916 p.

152 3945 231 4022 572,
271 3946 400 4006 Terentii
438 3950 581 4006 reddidisti
613 3955 747 4008 animum:
785 3948 823 4008 cl.
855 3948 947 4008 Plauti
975 3948 1062 4008 Truc.
1091 3945 1117 4006 ll
1144 3949 1181 4023 l,
1215 3946 1260 4005 lb.

152 4051 241 4113 Cuius
256 4053 371 4131 quidem
387 4055 549 4113 sententiae
565 4055 593 4113 in
609 4054 660 4114 illo
676 4055 859 4115 ferocissimo
872 4054 1037 4116 Latinorum
1048 4052 1130 4112 bello
1142 4053 1261 4113 occasio

151 4160 258 4220 deesse
281 4176 338 4218 non
368 4162 470 4238 potuit.
521 4160 586 4220 Non
618 4162 656 4220 ita
686 4162 774 4221 multo
805 4171 872 4240 post
895 4159 1050 4240 Campanis
1082 4160 1185 4219 ciuitas
1214 4159 1260 4218 da·

151 4275 218 4342 tun,
262 4267 340 4344 quod
373 4264 467 4325 Liuius
498 4276 593 4326 narrat
627 4265 694 4326 Vlll
727 4267 780 4326 14:
821 4271 970 4344 Componis
1000 4273 1120 4343 equitum
1150 4269 1263 4327 bouoru
