2834 4988
588 390 675 446 ENN
682 390 756 446 IAN
764 391 820 448 ΑΕ
1129 406 1254 453 mvn

147 559 315 630 exortoque
334 554 409 613 inter
431 555 536 615 iratres
559 559 727 618 certamine.
749 557 823 621 Vide
835 558 1023 620 Niebubrium
1043 559 1062 620 l.
1076 560 1095 619 i.
1112 560 1253 641 Scbweg·

147 660 242 721 lerum
267 658 287 720 l.
311 658 331 719 I.
354 678 383 740 p.
408 661 481 723 388.

231 765 333 844 Itaque
354 766 494 827 Romulus
515 770 543 828 iu
566 769 695 830 Palatino
717 769 818 832 urbem
840 775 948 834 extruit
975 792 1010 833 ao
1038 790 1121 833 muro
1151 775 1253 853 lirmat,

146 874 357 935 transilientem
375 873 495 933 Remum
514 874 667 935 obtruncat
689 876 732 936 bis
755 877 853 937 uerbis
876 879 994 939 additis:
1028 899 1079 940 nec
1100 885 1151 955 pol
1174 884 1253 942 bomo

145 989 291 1060 quoquam
309 986 398 1059 societ
421 988 524 1058 inpune
543 989 681 1044 aninsolae
702 986 764 1044 Hoc
786 984 919 1065 (LVIII).
969 985 1014 1045 Ad
1037 994 1150 1065 raptum
1172 986 1254 1047 Sabi·
1357 1035 1361 1041 .

148 1108 248 1150 nurum
270 1090 319 1168 qui
341 1097 424 1149 certo
448 1088 593 1149 referatur
616 1109 730 1166 uersus,
754 1109 826 1150 unus
847 1100 1001 1170 superest
1025 1091 1122 1172 (LX):
1150 1111 1187 1153 cx
1212 1095 1252 1153 in-

147 1196 237 1256 certis
255 1195 313 1256 buc
336 1195 463 1274 pertinet
486 1195 613 1257 iortasse
628 1197 654 1257 V
671 1196 747 1256 conl.
770 1195 912 1271 Dionysio
931 1198 1024 1260 Halic.
1050 1198 1149 1278 Autiq.
1168 1199 1252 1260 Rom.

146 1304 173 1364 II
196 1301 238 1364 32
257 1321 286 1382 p.
309 1303 371 1364 303
395 1301 495 1362 Reisk.
517 1294 557 1376 ὡς
578 1300 611 1364 δὲ
633 1298 778 1382 διεβοήθη
793 1293 830 1362 τὰ
859 1303 927 1385 περὶ
952 1296 1007 1386 τὴν
1030 1297 1169 1387 ἁρπαγὴν
1195 1311 1255 1369 τῶν

145 1408 308 1490 παρθένων
326 1406 378 1468 καὶ
398 1397 434 1467 τὰ
455 1407 522 1488 περὶ
540 1400 607 1482 τοὺς
626 1402 740 1489 γάμους
760 1407 800 1481 εἰς
819 1398 871 1481 τὰς
887 1407 1107 1494 πλησιοχώρους
1123 1406 1231 1488 πόλεις.

230 1516 293 1577 Ioui
312 1514 446 1576 Feretrio
469 1525 536 1593 post
559 1533 683 1595 pugnam
705 1512 928 1576 GacuinensIum
949 1520 1087 1598 tempium
1100 1540 1116 1580 a
1129 1520 1253 1582 Romulo

144 1624 331 1699 aedificatur,
367 1621 595 1681 uetustissimum
622 1619 743 1681 Romae.
799 1619 842 1681 Ea
870 1626 1029 1685 occasione
1060 1627 1145 1687 ludos
1172 1628 1252 1705 illos,

146 1748 221 1810 quos
248 1731 368 1791 Seruius
392 1728 420 1786 ln
441 1727 550 1805 Georg.
574 1726 683 1789 11384
708 1727 803 1807 (LXI)
827 1729 972 1809 perhibet,
993 1734 1140 1793 institutos
1163 1735 1253 1796 aRo·

144 1837 224 1896 mulo
240 1835 428 1897 crediderim:
451 1852 597 1914 pompam,
616 1853 671 1913 qua
687 1836 715 1893 in
730 1833 830 1894 urbem
846 1837 997 1912 ingressus
1009 1841 1056 1915 sit,
1077 1841 1252 1919 eprIcatius

144 1943 302 2018 Dionysius
317 1940 411 2001 llaiic.
429 1941 527 2020 Antiq.
545 1941 627 2000 Rom.
645 1940 726 2001 1134
744 1959 772 2019 p.
791 1940 851 2001 307
871 1941 972 2003 Reisk.
992 1955 1100 2021 narrat,
1124 1948 1162 2007 de
1178 1947 1252 2008 ludIs

144 2046 224 2108 nibil.
261 2045 324 2107 Nec
346 2049 371 2106 si
394 2050 458 2126 quis
482 2048 519 2108 de
541 2049 666 2109 Statoris
687 2046 798 2126 templo
823 2048 903 2108 malit
918 2051 1066 2126 cogitare,
1091 2070 1149 2130 ego
1165 2055 1253 2114 inter-

144 2155 257 2216 cedam.
298 2154 344 2214 nd
363 2153 445 2231 ipsos
468 2162 563 2213 autern
587 2153 670 2214 ludos
691 2163 851 2232 praeeunte
870 2153 1000 2231 Ilbergio
1021 2157 1120 2218 refero
1144 2169 1173 2220 et
1195 2159 1252 2221 boc

144 2275 161 2317 a
185 2257 290 2317 Seruio
313 2259 342 2317 in
363 2259 437 2319 Aen.
466 2258 589 2320 111384
614 2259 641 2317 in
665 2259 811 2337 pedestris
833 2260 925 2337 magis
949 2261 1087 2323 orationis
1109 2267 1251 2346 speciem,

145 2366 280 2443 quam'in
300 2384 402 2425 uersus
423 2385 459 2427 ac
480 2367 563 2426 metri
588 2365 708 2426 Iormam
730 2375 877 2426 seruatum
899 2366 1107 2444 fragmentum:
1129 2373 1251 2444 confric-

144 2479 217 2550 b'qnc
244 2479 301 2533 oleo
323 2479 421 2534 lentati
448 2477 531 2532 etad
550 2494 632 2532 αναια
651 2480 750 2548 parati
771 2471 879 2553 (lxii)
903 2482 932 2532 el
953 2448 1101 2550 bellicrepo
1124 2473 1251 2554 (LXIII),

144 2596 230 2657 quam
254 2596 358 2639 uocem
383 2599 401 2640 a
426 2579 515 2640 Festo
545 2580 635 2659 (uida
661 2579 778 2638 Paulum
808 2597 836 2657 p.
866 2579 906 2640 35
932 2577 987 2656 lt.)
1019 2598 1056 2639 ex
1080 2579 1174 2641 Ennio
1202 2582 1252 2642 de-

144 2696 307 2766 promptam
330 2705 399 2748 esse
420 2686 455 2747 0.
479 2685 639 2746 Muellerus
663 2686 828 2764 suspicatus
851 2694 907 2745 est.

230 2791 275 2853 Dc
297 2792 378 2853 bello
398 2813 462 2854 cum
484 2794 555 2872 ipsis
577 2792 691 2853 Sabinis
713 2801 800 2871 gesto
824 2809 881 2850 non
902 2791 1021 2851 muitum
1043 2791 1112 2851 licet
1134 2811 1151 2852 e
1175 2792 1252 2871 irag·

142 2908 304 2959 mentorum
332 2901 471 2960 tenuitate
503 2899 665 2978 dispicere:
696 2900 724 2958 iu
749 2899 856 2958 initium
877 2898 948 2959 belli
977 2898 1081 2974 relego
1103 2900 1173 2958 satis
1194 2918 1252 2959 arn·

143 3004 251 3083 bIguae
274 3015 305 3066 ut
333 3009 428 3066 sentio
456 3006 535 3067 sedis
563 3005 753 3080 fragmentum
781 3001 886 3062 LXIV:
920 3002 1056 3063 adiuuant
1086 3005 1252 3082 opinionem

143 3109 265 3172 Ouidius
286 3106 355 3173 bIet.
380 3112 449 3173 XIV
472 3113 533 3175 779
561 3117 710 3185 Tatiusque
733 3119 889 3184 patresque
913 3112 1010 3190 Sabini
1037 3116 1117 3171 Bello
1142 3124 1251 3188 perant.

142 3225 340 3295 orornamenta
361 3224 611 3297 Tarpeiarecluso
628 3220 747 3292 Ilionam
768 3218 889 3272 animum
907 3233 1000 3288 ραννα
1019 3224 1152 3293 compactio
1176 3225 1255 3277 enuit

143 3329 243 3383 armis.
272 3328 343 3386 Inde
360 3331 415 3385 cati
429 3329 546 3386 Curibus
565 3331 710 3384 tacitorum
726 3339 802 3380 more
816 3326 944 3397 luporum
961 3325 1016 3382 Orc
1024 3334 1158 3398 premunt
1172 3344 1253 3385 uoces

142 3441 170 3490 et
188 3451 344 3507 corporo
358 3439 459 3492 uicta
475 3451 605 3508 sopore
620 3432 819 3488 Inuodunt:
834 3435 863 3486 et
875 3424 1033 3502 Dionysius
1046 3427 1138 3488 IIalic.
1152 3429 1250 3508 Autiq.

144 3535 230 3595 Rom.
253 3535 340 3599 1138
363 3557 392 3618 p.
415 3537 475 3600 316
498 3537 599 3598 Reislr.
622 3524 730 3614 poculo
752 3529 784 3593 δὲ
806 3522 860 3611 τὴν
873 3526 1064 3615 παρασκευὴν
1077 3528 1176 3596 αὐτῶν
1192 3529 1251 3595 Tui·

142 3630 238 3715 τιοςὸ
262 3644 321 3702 τῶν
337 3643 479 3723 Σαβίνων
499 3634 636 3724 βασιλεὺς
657 3631 790 3712 νυκτὸς
818 3633 1031 3719 ἀναστήσας
1058 3633 1121 3702 τὸν
1149 3656 1253 3719 σαρα-

142 3740 208 3809 τὸν
232 3733 296 3828 ἦγε
322 3740 384 3810 διὰ
407 3753 473 3829 τῆς
495 3743 623 3831 χώρας.
667 3747 810 3807 Incertius
837 3765 1008 3826 quamquam
1031 3765 1088 3806 nou
1112 3749 1250 3826 ineptum,

144 3858 222 3935 quod
246 3856 341 3916 editor
359 3856 518 3936 Lipsiensis
545 3858 602 3917 hoc
621 3873 790 3930 uersu-rex
810 3859 907 3914 deinde
927 3862 1025 3914 citatus
1045 3859 1176 3916 Concedit
1192 3874 1253 3915 sese

144 3965 216 4042 (ino.
241 3962 304 4022 sed.
324 3961 380 4043 VI)
403 3961 557 4023 Romulum
579 3962 726 4039 designari
745 3962 865 4039 putauit,
890 3961 938 4041 qui
960 3961 1059 4022 Iouem
1084 3963 1251 4039 inprecatus

143 4088 248 4148 magna
269 4070 299 4129 ui
321 4070 349 4128 in
371 4069 473 4130 hostes
495 4070 624 4130 iucurrit.
647 4066 693 4129 cf.
714 4066 810 4127 Liuius
834 4068 870 4128 ab
892 4068 964 4128 urbe
985 4071 1069 4131 cond.
1089 4069 1102 4129 I
1128 4067 1165 4127 12
1180 4073 1251 4129 baec

140 4187 276 4252 precatus
299 4221 306 4235 .
328 4221 336 4235 .
355 4221 362 4235 .
381 4183 527 4236 mentiare
547 4180 667 4235 Romani
692 4187 832 4252 tamquam
852 4182 965 4236 coelesti
982 4195 1050 4236 uoce
1068 4181 1148 4235 iussi.-
1170 4181 1251 4250 ipsc

143 4291 188 4344 cd
202 4291 388 4361 prt‘morec
409 4289 581 4345 Romulus
596 4290 781 4360 prouolat.
824 4282 872 4342 Fr.
896 4282 973 4344 LXV
993 4283 1115 4342 SabInas
1143 4283 1172 4340 ln
1191 4299 1251 4339 me·
