2834 4988
135 388 173 441 x.
567 364 819 436 carnotim

39 554 43 565 ’
72 558 79 571 ·
134 540 252 605 mereri
274 547 386 605 notum
407 549 472 624 cst,
495 564 552 608 suo
575 550 691 628 rogatu
714 541 866 623 adduxit,
892 550 929 606 ut
951 542 1069 610 edendi
1093 553 1243 631 opportu-

133 660 268 725 nitatem
294 667 503 748 sumptusque
531 660 711 727 liberaliter
733 660 915 748 praebuet.
961 661 1034 742 Quo
1061 663 1169 727 acrius
1192 686 1245 728 me

133 778 216 845 illud
237 800 353 843 cauere
376 779 514 844 decebat
520 829 530 862 ,
555 803 597 846 ne
617 779 692 845 libri
715 781 814 846 nitori
835 802 874 844 ac
893 782 1034 866 gratiae,
1065 804 1148 869 quae
1168 785 1244 847 arti·

133 897 207 964 ficio
233 895 398 962 Teubneri
421 897 573 982 debetur,
604 898 689 964 male
710 899 923 986 responderet
949 901 1076 965 incuria
1097 900 1243 980 editoris,

134 1016 244 1097 Quare
272 1017 351 1105 quid
378 1017 551 1081 iucundius
578 1019 658 1083 mihi
685 1020 855 1106 magisque
884 1029 1073 1107 exoptatum
1095 1042 1167 1084 esse
1188 1029 1244 1106 po-

134 1144 218 1201 terat
242 1158 339 1223 quam
354 1134 420 1201 tali
440 1135 626 1203 adiumento
648 1161 687 1204 ac
708 1138 873 1224 praesidio
895 1139 959 1221 uti,
986 1137 1082 1226 quale
1104 1138 1244 1223 insignis

133 1252 375 1323 beniuolentiae
402 1255 630 1321 documentum
650 1256 813 1321 Acunum
839 1257 1080 1323 ancmrsnn
1103 1265 1170 1341 tam
1197 1257 1245 1321 in-

134 1375 224 1461 genii
248 1397 346 1463 quam
369 1374 535 1440 oculorum
560 1375 706 1441 sollertia
726 1374 894 1462 praebuit:
925 1378 981 1463 qui
1003 1399 1078 1441 cum
1098 1375 1245 1463 pagellas

132 1515 260 1559 mecum
279 1484 523 1581 typothetarum
544 1495 709 1562 erroribus
727 1517 869 1582 purgare
890 1517 956 1561 non
981 1504 1179 1579 recusasset,
1210 1497 1245 1561 in

134 1634 173 1687 eo
201 1611 314 1679 labore
333 1614 555 1700 ingratissimo
582 1623 650 1679 tam
679 1615 797 1678 acriter
825 1615 912 1680 rexit
942 1616 1106 1681 inscitiam
1133 1637 1244 1701 opera-

132 1753 220 1814 rum,
244 1755 341 1820 quam
360 1731 504 1819 benigne
522 1756 629 1798 meam
649 1734 770 1799 uirium
788 1734 979 1800 tenuitatem
1002 1743 1034 1800 et
1053 1733 1158 1799 doctis
1179 1756 1245 1798 mo·

133 1851 311 1916 nitionibus
331 1861 363 1918 et
384 1854 535 1940 egregiis,
547 1852 692 1919 inuentis
714 1851 851 1919 adiuuit.

216 1970 341 2036 Verum
354 1995 428 2038 cum
442 1973 508 2037 iam
521 1972 610 2038 bona
621 1992 698 2058 pars
712 1970 970 2056 fragmentorum
983 1972 1075 2059 prelo
1089 1973 1242 2056 exissent,

97 2102 110 2123 '⁸
133 2111 174 2155 en
202 2110 307 2156 nouae
340 2093 500 2158 accedunt
529 2090 680 2158 Halmii
706 2088 1050 2179 Fleckeisenique
1085 2090 1245 2159 subsidio-

132 2233 204 2276 rum
227 2210 319 2275 dotes
338 2212 555 2298 gratissimae.
600 2209 644 2275 Et
663 2208 928 2276 Fleckeisoni
953 2210 1084 2300 quidem
1103 2210 1247 2283 amicitia

131 2317 338 2412 factumest,
367 2339 403 2395 ut
424 2331 467 2396 ad
489 2351 621 2413 uersus,
650 2327 766 2416 quibus
787 2328 968 2417 Appuleius
989 2331 1107 2414 utitur,
1132 2330 1244 2416 Hedy-

131 2449 378 2536 phageticorum
408 2448 451 2514 ab
482 2448 659 2515 Henrico
694 2447 842 2513 Keilio·
869 2450 1000 2514 excussi
1032 2449 1246 2542 Laurentiani

132 2570 225 2634 uaria
246 2567 344 2633 lectio
365 2590 454 2633 meas
471 2569 507 2632 in
525 2590 640 2633 manus
662 2568 799 2632 ueniret.
832 2548 1019 2633 Halmius
1042 2578 1160 2653 autem,
1181 2595 1246 2658 quo

134 2687 334 2774 singularem
356 2709 436 2773 erga
456 2710 509 2752 me
535 2686 791 2753 beniuolentiam
817 2686 1012 2771 cumularet,
1039 2689 1246 2775 perlustratis

118 2830 217 2895 -quae
246 2807 411 2873 officinam
441 2806 642 2895 reliquerant
667 2805 824 2892 pagellis,
864 2814 897 2870 et
923 2828 967 2871 ex
993 2806 1157 2873 uberrimo
1186 2833 1245 2876 suo

133 2927 301 2994 Ciceronis
327 2935 486 3013 apparatu
514 2934 547 2991 et
576 2925 852 3010 eBambergensi
880 2926 1043 2991 Prisciani
1071 2926 1246 3015 Orosiique

134 3046 226 3112 libris
244 3047 333 3125 misit
351 3046 494 3133 opimum
507 3046 722 3132 discrepantis
738 3047 916 3131 scripturae
934 3046 1124 3111 auctarium.
1162 3047 1245 3121 Cum

132 3174 304 3255 praeterea
340 3174 373 3229 et
410 3159 490 3229 mihi
525 3166 661 3250 sensim,
700 3187 782 3253 quae
820 3164 1031 3248 corrigerem,
1071 3164 1246 3231 subnasce-

133 3294 260 3367 rentur,
298 3283 364 3348 alia
397 3283 532 3368 Gellio„
555 3286 610 3370 qui
646 3286 772 3350 interea
806 3282 911 3386 lucem
946 3284 1045 3367 uidit,
1080 3285 1246 3351 Hertzii

134 3375 383 3491 Kayserique
409 3403 460 3468 his
478 3404 559 3491 ipsis
581 3403 696 3468 diebus
712 3403 837 3467 emisso
861 3401 1035 3467 Comificio
1055 3403 1098 3467 ad
1119 3404 1245 3471 Heren-

134 3526 224 3588 nium
246 3522 468 3606 adferrentur,
489 3515 566 3588 inde
583 3543 650 3586 non
669 3532 768 3588 tenue
789 3521 1029 3605 addendorum,
1052 3524 1140 3609 quod
1158 3524 1247 3590 infra

135 3644 287 3730 exposui,
303 3641 516 3729 spicilegium
537 3644 709 3708 succreuit.

218 3761 436 3828 Annalium
456 3761 473 3825 I
495 3761 536 3826 fr.
556 3759 623 3827 Vll
644 3785 703 3828 non
725 3768 838 3828 diceret
858 3782 889 3833 se
907 3765 1018 3825 nidore
1032 3759 1131 3825 *Leid.
1148 3761 1203 3827 ab

165 3888 218 3949 -36
237 3894 267 3949 at
282 3890 342 3948 cita
362 3881 456 3953 Leid.
471 3882 527 3945 ab
613 3885 653 3945 37
673 3889 748 3946 tolio
769 3892 830 3945 tum
851 3890 994 3944 otemorat
1010 3877 1103 3943 Leid.
1119 3880 1204 3944 abc

178 4005 217 4067 38
238 4001 489 4084 eurydicaLcid.
503 4003 568 4066 ab.
590 4006 726 4066 euridicen
738 4000 866 4066 Leidc
951 4000 991 4062 39
1010 4005 1074 4064 uita
1088 4003 1155 4066 meti
1173 4023 1246 4066 cor-

133 4147 191 4205 pus
212 4145 292 4188 nunc
313 4124 394 4198 (meti
406 4142 514 4201 corpas
525 4120 559 4183 in
576 4118 703 4202 rasura)
726 4118 1010 4198 minuuntque
1027 4142 1137 4201 corpus
1154 4124 1247 4186 nrtim

136 4227 219 4309 nuno
236 4243 329 4309 Leid.
352 4263 371 4304 c
456 4242 497 4303 40
518 4254 626 4303 amena
647 4238 741 4305 Leid.
762 4261 782 4303 a
800 4262 818 4304 c
903 4242 944 4305 42
965 4240 1093 4324 corrige
1106 4249 1176 4319 post
1192 4247 1247 4304 illa

136 4364 291 4429 intexto
377 4363 418 4427 43
449 4379 575 4441 querere
602 4365 701 4440 maone
724 4380 812 4440 posse
842 4358 981 4428 Leidc
1030 4402 1034 4410 -
1065 4361 1105 4423 45
1139 4359 1247 4425 scribe
