2834 4988
153 383 223 430 1,th
553 366 864 438 ot'nEst'tonnS

152 540 346 600 l’eirescianis
368 536 394 597 ll
421 554 450 615 p.
471 532 533 593 578
555 534 655 594 ll'ess.
677 545 705 593 et
729 534 855 593 tortasse
873 534 1033 612 Appianum
1055 532 1091 591 ir.
1112 528 1255 593 tvttnae·

155 644 334 703 donieorum.
368 642 469 701 Eidem
493 651 588 701 autem
612 643 769 701 narrationi
792 661 856 701 cnm
875 660 962 719 supra
978 641 1013 700 lr.
1030 639 1069 699 l'l
1082 637 1256 711 intexuerim,

155 761 213 810 tum
236 752 312 809 addo
333 770 407 809 num
431 751 466 808 lr.
492 748 554 809 l'll.
601 748 672 808 cnn
695 768 767 808 cane
790 750 865 809 enim
887 767 972 827 quem
993 752 1081 827 potita
1102 743 1187 819 atati,
1214 741 1256 821 qui

155 856 203 915 ubi
225 866 327 915 eatena
350 857 503 915 tlenrinetus
528 856 619 915 ieram
640 858 762 929 sentiat,
786 856 898 916 ululare
921 863 1006 915 aetate
1028 851 1142 927 soleat,
1164 848 1256 909 nescio

155 981 190 1021 an
219 978 276 1019 non
305 962 487 1021 incommode
522 964 617 1022 relicti
646 964 674 1020 in
705 964 844 1039 angrrstiis
869 981 932 1021 curo
961 958 1118 1019 Flaminino
1144 954 1257 1015 Romani

155 1068 372 1144 significentur:
397 1071 445 1146 qni
466 1089 530 1129 enm
551 1070 586 1129 ad
610 1071 733 1130 hostiurn
756 1078 852 1129 eastra
874 1067 1026 1141 accedant,
1048 1065 1144 1126 subito
1158 1063 1256 1125 clamn-

155 1194 217 1235 rem
242 1175 355 1234 tollunt.

241 1281 335 1340 llesiit
365 1283 411 1341 bic
443 1282 517 1342 liber
545 1286 571 1341 in
598 1303 694 1362 pugna
721 1282 756 1341 ad
785 1278 1024 1358 Cynoscephalas
1052 1296 1078 1338 a.
1102 1296 1131 1336 n.
1154 1294 1180 1335 c.
1202 1272 1257 1333 555

157 1390 321 1447 commissa.
358 1389 434 1448 dote
456 1388 512 1448 hare
530 1390 603 1449 enim
621 1388 763 1467 proelium
780 1386 941 1462 Quinctius,
964 1387 1029 1447 dnum
1046 1386 1148 1463 copias
1165 1400 1259 1443 omncs

157 1494 184 1551 in
200 1494 292 1552 aciem
307 1495 414 1569 erlueit,
431 1498 538 1555 aeriter
553 1496 659 1555 milites
675 1494 844 1554 cobortatnr
858 1513 944 1555 auos:
962 1494 1038 1554 conl.
1051 1492 1132 1552 Liuio
1144 1486 1259 1551 XXXlll

157 1597 190 1658 8:
215 1620 276 1657 curu
296 1606 380 1659 iudom
401 1606 599 1661 ,ttaeutantous
614 1614 791 1678 pauprtaturoa
811 1621 879 1677 qatos
896 1606 936 1659 ud
954 1605 1037 1676 Epiri
1053 1605 1155 1677 surices
1172 1602 1259 1659 maui-

156 1710 206 1765 bua
225 1712 437 1785 flrrnriuibuaque
453 1721 565 1785 coeptos
586 1716 659 1768 uicta
679 1713 805 1767 renturalt
820 1712 983 1783 difficultate
1001 1712 1123 1769 locurum
1144 1710 1260 1783 expulit·

156 1824 218 1871 aeut
244 1820 358 1890 acieque
382 1828 605 1891 eapuqnuanrnt:
633 1837 694 1874 eum
721 1822 761 1873 eis
786 1834 854 1890 quos
879 1819 914 1873 P.
943 1818 1060 1891 Sulpicii
1079 1818 1261 1891 primumn

156 1922 309 1979 obsidentes
332 1927 359 1980 iu
381 1927 541 1981 Eordaeam
560 1927 664 1983 aditum
687 1930 827 1981 mensem:
848 1925 928 1996 soma
950 1927 1065 1989 stetisse,
1090 1940 1145 1981 uon
1164 1924 1262 1981 uiribus

156 2028 338 2085 allueedorriue
356 2048 485 2103 requum:
506 2049 566 2088 eum
588 2050 694 2106 quoqne
714 2033 822 2104 farreum
840 2032 948 2086 tandem
962 2033 1117 2087 manuduce-
1159 2026 1190 2088 ln
1211 2043 1262 2103 qtttt

157 2129 359 2191 cohortatione
379 2135 461 2193 uides
485 2153 543 2213 qno
565 2137 651 2195 modo
674 2136 769 2194 lacum
785 2134 894 2194 babere
917 2134 1063 2212 potuerint
1083 2131 1169 2193 Ennii
1189 2134 1261 2211 trag·

156 2245 251 2295 menta
271 2237 347 2296 llll.
370 2238 419 2298 lX.
439 2239 474 2298 X.

243 2342 363 2402 ltelicua
391 2348 516 2405 incerta:
547 2349 599 2407 aed
622 2349 781 2421 undecimi,
804 2362 868 2404 cum
890 2342 927 2403 de
950 2342 1021 2402 sede
1042 2344 1112 2404 nibil
1132 2347 1262 2420 eruerim,

157 2448 388 2508 emendationem
411 2453 524 2528 quidem
549 2473 632 2531 apuam
655 2454 795 2533 proposui
817 2469 874 2510 uon
895 2470 987 2511 meam
1008 2451 1061 2512 sed
1082 2450 1181 2511 lacobi
1197 2450 1262 2515 Ber·

159 2554 269 2625 anysii,
290 2556 314 2611 si
336 2566 458 2632 potero,
483 2562 641 2635 pacticiam.
687 2560 742 2633 Qtri
766 2578 829 2619 cnm
848 2569 948 2619 cetera
971 2560 1122 2619 uerissime
1143 2567 1175 2616 nt
1196 2565 1262 2637 puto

159 2657 345 2733 restituisset,
370 2682 423 2721 una
439 2678 523 2738 pater
542 2684 599 2724 uon
620 2666 764 2743 probabili
786 2668 973 2726 coniecturae
996 2664 1167 2725 obstinatius
1188 2663 1262 2723 uide·

158 2762 241 2820 batto
265 2765 424 2841 refragari:
449 2771 586 2848 qnodque
609 2775 672 2849 ipse
701 2791 757 2831 non
785 2774 993 2832 inconueuieus
1015 2771 1130 2850 quidem
1152 2780 1262 2831 sentcn-

158 2869 215 2927 tiae
238 2877 464 2950 interrumpunt,
487 2877 572 2936 ualde
595 2888 717 2955 propter·
738 2880 903 2938 rnntationis
926 2877 1188 2957 inprobabilitatem
1210 2878 1262 2938 dis·

158 2973 300 3051 plicabat:
323 2997 380 3056 quo
407 2982 522 3059 quidem
546 2983 624 3042 rnolui
647 2985 723 3044 aliud
746 2986 911 3062 significare
934 3003 1017 3063 quam
1040 2984 1134 3043 latere
1156 2982 1209 3041 sub
1231 2999 1262 3041 ea

158 3100 232 3142 nroce
249 3086 325 3162 quod
339 3086 374 3145 ad
385 3086 505 3145 Ennium
521 3091 680 3166 pertineret
695 3091 850 3169 aliqnando
865 3091 1031 3151 eruendum.
1055 3088 1263 3149 Nunclluniani

156 3188 194 3247 ibi
217 3190 285 3249 nibil
308 3192 431 3252 subesse
453 3193 519 3252 mibi
535 3197 686 3273 persuasi,
710 3213 805 3273 neque
822 3215 893 3256 nero
910 3197 945 3256 ad
960 3195 1045 3255 Nouii
1062 3195 1107 3274 (p.
1124 3195 1196 3271 370,
1210 3193 1261 3273 22)

157 3296 245 3353 uerba
272 3297 336 3355 iude
360 3300 513 3377 quicquam
537 3300 714 3375 redundare,
749 3302 833 3360 immo
857 3304 1018 3363 eiciendum
1043 3320 1111 3363 esse
1140 3280 1262 3380 inportu·

158 3417 222 3455 ntum
254 3401 425 3460 uocalrulum
461 3403 642 3465 librariorum
675 3415 731 3465 tam
769 3426 870 3467 errore
910 3427 993 3487 quam
1024 3411 1132 3469 incuria
1165 3420 1262 3470 crtum.

158 3500 269 3579 Nempe
293 3505 360 3563 olim
382 3511 409 3566 in
434 3506 519 3568 Nonii
550 3515 650 3571 urascio
676 3532 733 3593 qno
759 3515 864 3575 codice
892 3518 998 3575 nostris
1021 3514 1264 3593 superierebatur

157 3604 216 3663 loci
247 3611 365 3684 species
400 3616 604 3693 comparebat:
641 3624 750 3679 Ennius
780 3627 922 3681 mortalium
943 3628 987 3681 lib.
1015 3626 1048 3681 X
1073 3641 1159 3700 aeqro
1185 3626 1265 3683 corda

158 3716 241 3768 (terrain
256 3721 351 3787 pressis
379 3723 432 3777 late
456 3728 560 3796 perlatis
580 3736 691 3800 pateo
710 3733 804 3802 pressis
832 3734 872 3787 uit
883 3734 987 3804 pralmis
1011 3732 1220 3803 patentibus
1241 3734 1265 3787 et

158 3823 288 3875 cateruis.
332 3820 442 3898 Aperta
465 3832 573 3887 erroris
593 3810 693 3906 o'ri'go',
733 3833 806 3891 unde
837 3835 959 3911 procliui
990 3834 1176 3913 corruptelae
1201 3850 1263 3913 pro·

157 3936 261 3993 gressu
291 3932 463 4001 posterioris
493 3933 601 3994 librarii
629 3937 737 3997 incuria
765 3938 835 3999 illud
867 3942 1049 4019 procreauit,
1080 3941 1158 4019 qnod
1181 3940 1264 4001 bodie

158 4026 359 4090 circumfertur
381 4036 517 4095 inlibris.

242 4131 339 4193 Vnde
351 4140 439 4197 cimo
464 4143 588 4202 annuali
612 4165 659 4204 res
673 4146 822 4207 Flaminini
837 4152 1037 4210 condonantur
1053 4169 1088 4209 ac
1111 4149 1146 4209 ir.
1169 4149 1183 4209 l
1201 4146 1261 4207 Pbi·

156 4235 226 4315 lippi
249 4239 390 4317 ingenium
413 4244 597 4325 desiguatur,
628 4255 759 4329 quicum
783 4264 848 4314 ante
871 4256 988 4316 multum
1010 4256 1195 4336 iusuperbirc
1216 4270 1260 4314 ao·
