2834 4988
153 413 239 461 ων
552 401 864 469 QVAEST10NES

153 579 234 630 erent
254 574 375 637 mittunt,
398 570 463 624 dum
478 571 603 641 proelio,
625 571 723 626 deinde
744 586 782 627 ecc
803 573 904 628 laetitio
929 573 1017 645 epulis
1037 572 1172 645 subpetat
1188 573 1260 646 quies

153 686 289 735 nocturno
307 676 397 731 hortm
413 684 570 747 premeret,
597 684 626 732 ut
647 679 686 733 ud
705 693 735 733 se
756 681 921 734 transirent:
953 696 1009 734 urio
1035 682 1145 752 upmine
1173 679 1259 736 Conu-

153 790 223 842 eium
250 784 372 838 obituros
399 797 460 837 esse
478 811 520 820 —
538 811 581 821 —
596 781 631 836 P.
652 781 832 854 Sempronius
862 784 1013 840 Tuditanus
1036 785 1163 840 mbunus
1193 785 1260 840 miii-

154 902 209 949 tum
232 893 311 963 ‘copi
331 905 397 961 erpo
418 889 556 944 mouultb'
577 891 664 960 inquit
684 889 732 943 ‘ab
753 892 918 944 auarissimo
937 895 964 944 et
983 891 1173 948 cntdelrbeimo
1189 891 1262 947 hoste

155 1030 197 1040 -
216 1031 258 1039 —
277 999 327 1053 sed
345 1001 491 1068 antequam
519 996 649 1064 opprimit
674 996 725 1050 tux
754 998 914 1067 maioraque
939 996 1057 1052 bostium
1078 999 1191 1069 npmino
1217 995 1260 1051 ob-

153 1109 282 1179 saepiunt
308 1107 375 1170 iter,
397 1115 453 1170 per
478 1100 528 1154 tros
555 1101 603 1170 qui
627 1101 778 1155 inordinati
804 1106 885 1173 utque
909 1103 1082 1173 incompositi
1106 1103 1264 1174 obstrepunt

150 1215 241 1285 portis
257 1207 452 1281 erumpamus'
475 1236 518 1248 -
533 1237 574 1245 —
594 1205 664 1260 baec
685 1206 731 1260 nbi
744 1207 816 1261 dictor
835 1207 915 1272 dedit,
936 1209 1045 1280 sirimpit
1062 1207 1186 1279 plodium
1195 1222 1259 1261 cren

153 1333 238 1390 eoque
248 1316 326 1388 sacto
334 1330 389 1386 per
404 1315 505 1368 medios
517 1315 595 1368 ondit
607 1314 700 1368 tosto.
723 1307 797 1368 llinc
819 1309 889 1367 lieet
910 1308 1012 1369 borum
1035 1329 1172 1371 uersuum
1185 1309 1261 1370 XVI.

154 1417 246 1478 XVII.
263 1415 359 1476 XVlll
380 1434 484 1475 nexum
501 1415 658 1494 dIspioere.
702 1414 766 1474 Nec
786 1415 825 1476 ita
840 1417 1011 1477 incredibile
1035 1428 1079 1478 est
1093 1418 1176 1478 binio
1200 1434 1261 1477 cum

154 1526 204 1586 illa
235 1531 371 1584 exararet
389 1522 508 1582 annales
528 1522 611 1581 Ennii
635 1522 810 1582 obuersatos
832 1541 910 1581 esse.
955 1522 1038 1582 Vnde
1054 1522 1166 1599 Ilugius
1189 1522 1261 1583 adeo

156 1631 229 1691 baec
257 1628 363 1688 uerba:
393 1633 463 1688 boec
485 1634 532 1688 ubi
557 1635 629 1689 dicto
656 1634 808 1690 dedit
833 1633 934 1701 noctu,
965 1646 1041 1708 quae
1070 1631 1207 1709 procliue
1235 1629 1261 1686 iu

156 1736 315 1796 hexametri
333 1736 481 1794 numerum
504 1736 711 1811 concederent,
735 1734 843 1794 Liqum
865 1753 882 1794 a
904 1742 993 1813 poeta
1012 1746 1170 1797 mutuatum
1188 1736 1261 1795 arbi·

154 1842 293 1903 trabatur.
339 1841 377 1900 At
406 1841 433 1901 id
452 1842 575 1901 maxime
604 1852 708 1901 canent
730 1862 794 1902 oum
824 1839 871 1899 alii
901 1843 1062 1921 scriptores
1085 1853 1144 1903 tum
1166 1842 1261 1902 Liuius

154 1969 191 2010 ue
224 1949 355 2027 pedestri
394 1949 518 2008 orationi
551 1967 654 2008 uersus
685 1949 872 2007 immisceant:
912 1948 1009 2007 inuitis
1038 1947 1177 2008 excidunt
1206 1964 1260 2006 uon

153 2074 305 2135 numquam
338 2065 386 2115 aut
413 2074 517 2114 uersus
546 2064 595 2115 aut
621 2055 776 2114 simulacra
809 2071 954 2112 uersuum.
1005 2050 1051 2112 Gi.
1083 2051 1261 2113 Boetticberi

153 2162 282 2223 Lexicon
295 2162 444 2222 Taciteutn
459 2181 487 2241 p.
500 2160 604 2222 XCVI.
648 2160 687 2220 Vt
706 2160 792 2221 ualde
814 2159 983 2220 mirabibter
1002 2178 1037 2219 nc
1058 2168 1180 2238 praeter
1194 2175 1260 2219 con-

154 2269 334 2329 suetudInem
365 2265 460 2327 Liuius
492 2268 549 2327 boo
582 2268 649 2327 loeo
681 2269 778 2327 sciens
811 2285 846 2326 ac
869 2267 972 2326 uolens
1003 2268 1117 2344 integra
1153 2274 1260 2346 poetae

154 2374 245 2434 uerba
267 2393 303 2432 ne
325 2373 453 2448 mitIgato
475 2373 589 2450 quidem
612 2384 661 2434 aut
683 2373 840 2434 obscurato
863 2391 982 2433 numero
1006 2375 1034 2432 iu
1056 2390 1137 2433 suam
1163 2391 1260 2432 narra·

154 2482 260 2539 tionem
289 2479 508 2556 adsumpsisset.
554 2477 609 2551 Qui
637 2478 769 2557 quidem,
797 2479 875 2557 quod
903 2478 1032 2539 Naebius
1059 2479 1262 2558 suspicabatur

154 2585 263 2664 Opuso.
292 2584 304 2643 l
332 2602 361 2662 p.
392 2582 467 2658 212,
505 2602 644 2643 neceam
681 2603 766 2661 quam
787 2583 910 2645 Orosius
938 2584 978 2644 IV
1004 2587 1017 2644 1
1047 2584 1133 2644 tradit
1161 2585 1261 2661 Pyrrhi

155 2690 373 2768 iuscrIptionem
393 2689 483 2767 (Arm.
500 2688 541 2747 VI
563 2688 598 2747 ir.
621 2688 691 2767 XII)
719 2690 802 2750 saluo
825 2699 918 2750 metro
936 2701 1108 2768 receperat,
1140 2700 1170 2751 et
1198 2709 1259 2751 cum

154 2796 303 2857 celebrem
330 2793 411 2854 Fabii
441 2794 556 2854 laudem
578 2793 734 2855 Ennianum
761 2798 851 2874 (Anu.
875 2796 916 2857 IX
946 2797 982 2857 ir.
1005 2796 1088 2876 VIII)
1121 2798 1259 2873 referret,

153 2920 270 2961 sensum
300 2907 425 2979 poetae,
459 2918 517 2960 non
543 2919 691 2960 numerum
717 2881 820 2963 uersus
860 2904 970 2964 curauit
994 2901 1078 2963 XXX
1104 2902 1159 2965 26:
1193 2909 1262 2965 nibil

153 3016 254 3069 certius
280 3018 321 3067 eet
346 3029 428 3083 quom
456 3028 541 3067 unum
569 3011 703 3068 bominem
732 3013 808 3068 nobis
834 3015 987 3071 cunctando
1015 3029 1073 3070 rem
1101 3016 1259 3084 retinuisse,

151 3123 223 3176 sicut
247 3119 355 3174 Ennius
376 3120 423 3173 oit.
467 3112 531 3173 Neo
554 3113 671 3173 multum
694 3132 752 3193 quo
775 3133 892 3174 uersum
915 3133 983 3174 esse
1003 3117 1187 3177 demonstres
1211 3134 1258 3177 ua·

152 3220 290 3281 lethaeo
313 3220 421 3279 locutio
444 3224 514 3280 hoec
533 3224 580 3279 nbi
599 3225 671 3279 dictu
697 3224 786 3294 dedit,
814 3239 870 3298 qua
893 3231 1030 3301 usurpata
1052 3223 1169 3301 quidem
1194 3232 1259 3285 ante

153 3347 169 3388 a
192 3328 290 3407 poetis
311 3326 367 3406 (ci.
380 3326 507 3386 Lucilius
525 3325 538 3384 I
558 3327 576 3384 7
595 3324 743 3401 Vergilius
765 3324 839 3384 Aen.
860 3325 887 3387 II
908 3328 968 3388 790
994 3328 1192 3411 v11323a1.)
1215 3330 1258 3391 ld·

152 3435 216 3493 uius
238 3433 360 3493 subinde
383 3451 452 3491 usus
471 3442 527 3509 est,
550 3433 587 3491 cl.
612 3428 666 3488 Vll
686 3429 725 3490 33
747 3430 897 3494 Drakenb.
944 3436 1006 3510 Qua
1022 3454 1055 3496 re
1077 3437 1169 3497 reieci
1190 3445 1259 3497 tam·

152 3556 236 3617 quam
258 3537 329 3597 Iiuii
352 3537 443 3596 uerba
466 3538 569 3616 quibus
594 3537 704 3614 Hugius
728 3538 877 3599 liberaIIus
903 3541 987 3602 Ennii
1015 3543 1155 3620 reliquIas
1179 3544 1258 3604 locu·

153 3645 287 3724 pletarat.

235 3750 336 3812 Verbo
368 3760 483 3827 tangam
513 3750 548 3809 ir.
577 3748 644 3809 XVI
673 3768 729 3828 quo
758 3751 869 3812 Merula
898 3752 1014 3813 Poenos
1042 3762 1187 3816 tormenta
1208 3756 1258 3816 rui·

150 3868 252 3919 nautes
274 3857 418 3934 Regulum
446 3856 626 3934 compellare
653 3857 863 3918 arbitrabatur:
892 3866 1012 3935 emptius
1042 3881 1185 3938 erumpere
1211 3867 1258 3923 ob·

149 3971 219 4041 snpo
239 3970 339 4024 lumine
358 3969 438 4028 sotis·
460 3964 597 4039 quocirca
629 3965 701 4023 miro
727 3982 782 4043 qua
813 3964 862 4023 ille
893 3966 980 4024 utitur
1008 3967 1104 4031 crisis,
1122 3969 1258 4048 exemplo

151 4080 180 4130 et
201 4077 342 4146 econpe're
361 4068 450 4128 scribi
473 4077 502 4128 et
519 4086 636 4127 uersum
658 4089 695 4129 ex
718 4078 824 4129 octauo
842 4071 970 4147 relegari
992 4071 1020 4129 ln
1042 4072 1195 4150 septimum
1217 4075 1257 4133 iu-

150 4175 210 4236 bet.
256 4176 376 4236 Sensum
399 4183 518 4253 po'e'tae,
541 4194 626 4254 quem
650 4195 685 4235 ne
709 4175 839 4234 lloeuius
852 4176 966 4255 quidem
990 4177 1113 4256 Ephem.
1132 4178 1257 4238 Darmst.

153 4282 230 4343 1841
256 4300 283 4342 u.
311 4280 370 4341 152
393 4282 553 4359 intellexit,
582 4282 693 4358 llugius
716 4283 851 4360 percepit
879 4291 908 4340 et
931 4283 1137 4362 supplemento
1160 4301 1258 4343 exeru-
