2834 4988
583 393 811 450 ENNIANAE
1193 405 1254 451 LXI

231 561 279 626 Fr.
305 557 374 618 XIX
394 565 538 634 solporeus
561 565 654 632 posuit
678 563 831 633 spiramina
855 560 941 615 Naris
965 561 1005 615 ad
1029 561 1137 634 undas,
1172 561 1253 619 cuius

143 685 264 725 sensum
306 666 435 725 editores
467 681 524 722 non
563 664 749 741 indagarunt,
790 661 901 737 llugIns
936 663 1036 721 nescio
1073 682 1159 743 quem
1197 664 1253 725 diei

144 770 304 848 censebat,
333 774 381 849 qni
406 770 442 831 nd
469 769 555 829 Naris
586 768 675 828 undas
700 776 822 826 mortem
852 767 973 827 obierit:
1002 768 1059 829 boo
1088 773 1162 830 enim
1184 772 1253 832 illud

144 897 214 938 esse
238 877 316 957 qnod
339 886 428 956 poeta
450 877 527 936 dieat
548 880 703 951 spiramina
720 879 829 948 posuit:
850 890 1020 952 quamquam
1043 879 1105 937 eins
1129 878 1253 937 locutio-

144 986 188 1043 nis
225 985 390 1063 exemplum
423 1000 480 1041 non
510 981 629 1060 repperi
658 988 777 1057 praeter
803 978 860 1037 boo
891 980 968 1056 quod
998 981 1134 1041 Valerius
1163 982 1253 1042 blaxi-

143 1110 208 1150 mus
236 1088 349 1166 v118,
373 1088 392 1148 8
418 1088 487 1148 dioit
510 1093 636 1163 spiritum
657 1092 761 1161 posuit.
821 1083 866 1142 De
891 1084 997 1147 Narnia
1024 1089 1139 1149 colonia
1169 1109 1254 1169 qnam

144 1217 172 1258 a.
188 1215 257 1256 ue.
281 1196 342 1257 453
371 1197 399 1255 in
429 1192 510 1252 bello
533 1192 689 1251 Samnitico
719 1191 806 1249 tertio
835 1191 987 1252 deductam
1016 1213 1084 1254 esse
1111 1194 1255 1255 LiniusX

147 1302 185 1362 10
221 1311 334 1377 narrat,
374 1299 498 1374 eogitari
529 1299 644 1375 nequit,
684 1297 738 1354 nisi
768 1296 832 1374 quis
856 1315 910 1376 pro
937 1294 990 1356 Vll
1024 1317 1171 1378 reponere
1199 1301 1254 1362 llll

143 1408 226 1467 uelit.
273 1405 320 1467 cf.
340 1404 480 1465 Martialis
497 1405 591 1484 epigr.
608 1403 663 1462 Vll
678 1403 718 1463 93
742 1408 851 1462 Narnia
874 1409 1024 1480 sulphureo
1046 1428 1128 1481 quam
1148 1415 1255 1484 parpite

143 1519 281 1574 candidus
302 1519 391 1572 amnis
412 1515 522 1571 Circuit.
570 1510 616 1569 De
635 1508 713 1570 Nare
732 1509 820 1570 fluuio
839 1510 906 1571 uide
926 1511 1087 1588 Vergilium
1106 1512 1179 1572 Aen.
1200 1514 1254 1573 VII

142 1621 206 1681 517
230 1629 260 1679 et
279 1619 412 1678 Seruium
432 1618 461 1674 in
480 1616 507 1674 b.
527 1616 546 1675 l.

230 1725 296 1784 Duo
319 1741 394 1802 quae
420 1730 569 1801 postremo
598 1722 666 1781 loeo
696 1723 796 1800 posui:
825 1733 986 1783 russaseunt
1009 1728 1129 1799 francias
1155 1727 1170 1805 (
1226 1732 1253 1808 )‚

144 1831 225 1910 qnod
244 1830 396 1891 frustulum
419 1827 589 1887 hariolando
612 1828 710 1905 possis
730 1828 784 1887 bau
804 1846 842 1886 ex
864 1829 981 1886 incertis
1000 1832 1142 1906 particula
1168 1841 1257 1892 terrui

141 1942 301 2015 srupiserai
322 1937 393 2015 (ino.
417 1934 480 1994 sed.
500 1932 598 2013 XXX)
623 1933 650 1991 in
668 1935 810 2009 integrum
830 1933 1027 1991 hexametrum
1045 1938 1201 2016 supplere,
1225 1949 1254 1997 et

143 2051 272 2121 lonpr'que
292 2049 420 2119 cupressi
440 2046 520 2101 Stant
541 2048 623 2100 rectis
642 2044 717 2115 soliis
733 2050 759 2099 et
776 2060 874 2097 amaro
893 2058 1011 2114 corpore
1028 2043 1133 2100 danum
1153 2041 1253 2124 (XXI)

143 2168 181 2209 ne
213 2148 282 2208 olim
312 2148 427 2227 quidem
455 2147 571 2224 longius
601 2148 731 2205 seiuncta
760 2144 851 2204 fuisse
879 2145 1022 2206 uidentur.
1071 2146 1103 2206 ln
1133 2166 1255 2225 quorum

145 2254 327 2313 consortium
347 2254 455 2314 addere
476 2273 513 2313 ex
536 2255 656 2312 incertis
675 2252 801 2311 fortasse
824 2251 909 2310 etiam
931 2249 1004 2310 baeo
1026 2251 1110 2312 licet:
1130 2261 1254 2329 populea

142 2364 210 2435 frus
239 2359 311 2437 (ine.
334 2361 396 2420 sed.
419 2357 556 2440 XCVIII)
586 2368 615 2418 et
644 2379 705 2418 erim
732 2364 802 2417 soles
830 2362 939 2417 tandem
967 2361 1077 2433 faciunt
1106 2365 1256 2434 lorrpu'seere

144 2470 225 2541 lanpe
248 2465 320 2543 (ino.
346 2466 408 2526 sed.
431 2464 555 2545 XXXI).

230 2570 364 2649 Denique
392 2571 515 2631 uerbulo
544 2588 676 2629 moneam
701 2568 795 2628 adhue
818 2568 931 2628 duobus
958 2588 995 2630 ex
1018 2571 1137 2633 incertis
1164 2592 1253 2654 posse

144 2677 273 2737 fortasse
305 2679 333 2736 in
363 2677 420 2737 hoc
449 2677 523 2736 libro
552 2678 648 2736 locum
678 2676 819 2736 concedi:
854 2675 920 2735 dieo
955 2677 990 2741 fr.
1016 2676 1127 2737 XXVII
1155 2685 1254 2740 labitur

144 2794 229 2843 uncta
257 2790 356 2842 carina
377 2804 434 2860 per
462 2804 584 2860 aequora
613 2804 685 2843 curta
713 2790 811 2843 celocis
835 2790 864 2840 et
886 2781 922 2840 ir.
946 2781 1043 2840 XXIX
1067 2790 1255 2846 Brundusium

138 2896 243 2967 pulcro
258 2896 451 2965 praecinctam
469 2900 604 2965 praepete
614 2900 734 2964 portast.
779 2887 903 2967 Propter
924 2887 1056 2947 oeloeem
1077 2893 1152 2950 enlm
1176 2909 1253 2950 conn-

144 3004 333 3056 memoratam
355 2997 408 3075 (de
430 2997 535 3057 celone
558 2994 625 3053 uide
645 2995 730 3052 etiam
749 2994 873 3055 Gellium
893 2992 921 3052 X
939 2993 978 3054 25
999 3004 1028 3054 et
1050 2998 1166 3056 Suidam
1188 3016 1212 3055 s.
1226 3017 1253 3056 u.

145 3099 248 3180 κέλης)
271 3121 336 3162 oum
356 3102 439 3162 Ennii
462 3120 565 3176 uersu,
588 3118 674 3178 quam
697 3101 807 3159 incerte
830 3101 894 3177 ipse
918 3099 1023 3175 uideo,
1056 3103 1208 3181 oomposui
1237 3119 1253 3159 a

146 3203 281 3266 Charisia
300 3207 327 3281 ll
346 3226 374 3288 p.
392 3209 451 3270 183
466 3209 497 3267 Ρ.
521 3205 652 3268 eCoelii
670 3205 853 3265 historiarum
875 3206 968 3284 primo
988 3206 1119 3266 traditam
1142 3224 1246 3266 memo·

145 3312 232 3373 riam:
264 3317 443 3391 Sempronius
462 3320 591 3393 Lilybaeo
619 3319 734 3372 celocem
756 3317 784 3369 in
806 3316 933 3388 Africam
955 3320 1031 3371 niittit
1052 3321 1143 3372 uisere
1165 3318 1254 3372 luerim

146 3423 193 3477 ubi
213 3427 366 3480 exercitam
386 3433 517 3498 exponat.
558 3421 603 3481 De
626 3437 658 3477 re
681 3417 719 3476 oi.
742 3415 892 3492 Polybium
910 3414 988 3478 139.
1028 3419 1073 3478 Ile
1092 3419 1253 3478 Brundusio

146 3533 243 3584 antem
268 3545 384 3587 uersum
406 3545 464 3587 non
491 3530 530 3588 ita
559 3522 742 3603 inprobabile
770 3531 814 3582 est
838 3523 876 3582 ibi
903 3534 1019 3604 po'e'tam
1041 3526 1182 3585 extulisse
1204 3525 1253 3584 ubi

147 3631 292 3692 coloniam
309 3643 435 3693 exeunte
451 3633 530 3694 bello
547 3633 655 3693 Punico
672 3632 764 3709 primo
789 3631 843 3707 (ei.
860 3631 930 3692 Liuii
948 3632 1017 3692 XIX
1035 3634 1191 3713 periocha)
1215 3650 1252 3691 eo

146 3735 300 3798 deductam
321 3748 465 3815 tangeret.

232 3842 408 3905 Oetauum
430 3845 593 3904 annalem
614 3849 703 3923 poeta
722 3847 749 3903 in
768 3845 857 3906 rebus
876 3848 1092 3908 Hannibalis
1113 3846 1251 3925 inpendit,

147 3951 208 4009 siue
234 3950 292 4011 boo
317 3950 427 4011 bellum
454 3950 601 4011 incohauit
628 3952 685 4012 boa
707 3953 800 4029 libro,
831 3956 893 4013 siue
921 3954 992 4014 belli
1015 3955 1097 4032 qnasi
1126 3953 1252 4031 prohoe-

147 4058 231 4116 mium
255 4060 283 4117 in
300 4057 438 4137 Hispania
459 4066 554 4116 aetum
576 4058 632 4116 iam
653 4059 680 4115 in
703 4059 825 4135 septimo
849 4061 993 4138 exposuit.
1040 4057 1084 4118 ct.
1108 4078 1136 4138 p.
1154 4056 1252 4118 IVlII.

149 4161 245 4243 Atque
267 4165 296 4223 in
319 4164 416 4223 limine
444 4162 527 4222 buius
556 4162 622 4223 libri
644 4182 748 4222 uersus
773 4166 856 4241 posui
885 4182 938 4223 eos
966 4164 1069 4242 quibus
1092 4171 1181 4242 poeta
1202 4162 1251 4221 de·

149 4268 299 4328 testabiles
329 4267 401 4327 belli
429 4269 607 4329 calamitates
634 4286 692 4328 non
714 4266 786 4350 [sine
815 4271 917 4345 uigore
946 4269 1075 4346 depinxit
1106 4268 1158 4345 (ll.
1178 4266 1251 4348 lll):
