2834 4988
591 385 837 454 unuinnno'
1172 409 1260 456 nxxr

147 559 241 634 leret,
279 558 412 619 deuictus
441 579 457 619 a
485 558 644 620 Flaminino
674 562 787 621 humilis
820 572 849 622 et
882 563 1013 622 abiectus
1047 565 1152 624 nullam
1181 569 1262 644 pacis

147 665 344 726 conditionem
365 685 398 726 se
422 668 638 746 repudiaturum
660 668 823 746 prolitetur.
868 667 913 728 ct.
939 669 1035 728 Liuius
1063 670 1187 733 XXXIII
1213 674 1260 734 13.

145 772 193 832 De
219 773 389 850 fragmentis
416 771 445 832 II
471 782 500 832 ct
527 771 567 832 III
595 749 794 851 Hugius'non
828 777 951 854 inperite
980 778 1017 835 ita
1043 776 1199 855 disputabit
1233 789 1263 839 ut

148 879 185 940 tle
213 880 408 939 Romanorum
438 898 502 939 cum
534 881 646 958 origine
674 880 799 942 Troiana
831 892 887 942 tum
922 884 1099 959 cognatione
1132 883 1261 945 Graeco·

148 1004 210 1046 rum
232 984 437 1062 Flamlninum,
464 987 512 1063 qui
540 1005 593 1065 per
615 991 859 1067 opportunitatem
885 987 1060 1048 ludicrorum
1080 988 1261 1050 Isthmiorum

149 1092 270 1153 Graecis
297 1092 417 1152 urbibus
451 1092 614 1153 libertatem
642 1096 730 1156 edicit
766 1096 878 1172 (Liuius
906 1093 1030 1154 XXXIII
1052 1094 1127 1175 32),
1158 1114 1261 1158 orasse

148 1200 357 1277 suspicaretur.
395 1199 450 1272 Qui
474 1198 589 1276 quiIem
610 1221 714 1261 uersus
735 1201 812 1280 quod
831 1218 918 1278 supra
934 1201 1029 1259 monui
1045 1204 1173 1280 Inprimis
1191 1203 1261 1264 illud

148 1304 275 1365 indicant
300 1322 358 1364 non
381 1322 471 1386 posse
492 1306 624 1367 adhunc
650 1308 752 1368 librum
769 1325 864 1367 rerum
883 1306 1050 1367 Punicarum
1066 1312 1261 1370 narrationem

147 1395 338 1491 pertinuisse:

233 1517 337 1597 Neque
367 1529 462 1580 tamen
499 1538 552 1598 per
577 1528 668 1578 totum
704 1518 807 1579 librum
841 1525 929 1595 poeta
959 1519 1072 1579 uidetur
1099 1522 1127 1579 in
1156 1520 1259 1582 Flami-

145 1625 204 1684 nini
229 1625 317 1685 rebus
344 1634 477 1685 uersatus
501 1643 583 1685 esse:
615 1626 700 1684 Immo
722 1624 778 1684 duo
803 1625 963 1701 fragmenta
990 1625 1055 1703 (IV.
1069 1627 1111 1707 V)
1133 1629 1261 1689 fortasse

146 1750 204 1791 non
220 1735 319 1811 inepte
334 1733 369 1793 ad
387 1729 527 1792 Catonem
543 1732 718 1806 referuntur,
743 1732 823 1790 cuius
843 1733 979 1807 egregins
996 1733 1023 1790 ln
1038 1735 1187 1795 annaIIbus
1201 1737 1260 1796 lan·

146 1838 199 1899 des
211 1839 302 1898 luisse
316 1837 422 1899 Cicero
438 1847 561 1897 testatur
580 1854 633 1916 pro
645 1837 753 1896 Archia
768 1837 798 1912 9,
813 1836 861 1895 22:
877 1843 905 1895 ia
921 1845 1026 1897 coctam
1040 1844 1122 1899 buius
1131 1862 1260 1915 proauum

147 1951 215 2007 Cata
241 1952 354 2007 tollitur.
399 1943 472 2004 Cato
502 1954 597 2004 autem
626 1963 651 2002 a.
675 1962 702 2001 u.
724 1961 750 2001 c.
775 1942 836 2000 557
867 1943 1047 2002 consulatum
1069 1945 1130 2004 iniit
1152 1964 1187 2005 ac
1210 1965 1258 2005 ce·

146 2050 260 2111 labrem
289 2051 432 2131 prolege
457 2048 553 2128 Oppia
579 2050 740 2109 orationem
767 2047 880 2107 babuit:
909 2049 990 2107 cuius
1017 2052 1147 2127 speciem
1171 2064 1259 2128 quan·

147 2159 212 2217 dam
232 2176 270 2218 ex
288 2157 447 2217 imitatione
468 2156 539 2216 Liuii
561 2154 684 2215 XXXIV
706 2153 724 2212 2
747 2172 812 2231 sqq.
837 2156 994 2232 conprerc
1021 2156 1099 2215 licet.
1145 2155 1259 2217 ineam

146 2272 243 2322 autern
262 2264 422 2322 orationem
438 2271 467 2322 et
479 2262 536 2321 hoc
551 2280 608 2339 quo
625 2265 652 2321 ln
668 2261 764 2320 luxum
777 2263 941 2320 uestiarnrm
959 2260 1102 2320 inuehitur
1116 2262 1259 2338 fragmen-

146 2378 203 2428 tum
217 2374 341 2444 pandant
350 2375 573 2444 peniculamenta
588 2374 671 2426 imum
683 2372 722 2426 cd
734 2387 865 2445 quemque
874 2374 979 2445 padam
995 2369 1053 2447 (V)
1067 2370 1214 2444 conuenit,
1231 2380 1261 2429 et

145 2475 221 2534 baec
236 2474 328 2534 uerba
343 2480 415 2536 malo
430 2495 513 2535 araca
522 2478 604 2551 fatur
616 2479 658 2530 ati
667 2477 714 2530 aas
727 2475 854 2548 Iuppiter
867 2474 950 2554 (lv),
964 2475 1068 2553 quibus
1080 2476 1153 2535 mala
1166 2479 1260 2535 omnia

146 2583 315 2660 inprecatur
340 2581 367 2640 ei
391 2582 439 2658 qni
463 2580 675 2658 promulgatam
698 2589 798 2638 contra
826 2582 976 2641 mulierum
999 2581 1140 2641 luxuriem
1163 2582 1260 2659 legem

146 2686 319 2764 abrogatum
342 2688 437 2746 luerit.
482 2685 547 2744 Non
577 2687 614 2744 ita
641 2685 731 2772 multo
760 2696 826 2764 post
849 2687 921 2748 Cato
951 2690 977 2746 ln
999 2688 1166 2766 Hispaniam
1188 2690 1259 2750 indt-

145 2814 238 2872 genas
255 2795 447 2874 Hispanorum
464 2792 600 2852 ‹Iomitum
613 2791 763 2869 proiectus
780 2803 841 2853 est:
857 2795 895 2854 cl.
914 2795 1009 2854 Liuius
1023 2794 1145 2854 XXXIV
1159 2795 1177 2856 8
1192 2814 1257 2874 sqq.

146 2901 226 2975 Quas
253 2919 301 2960 res
330 2902 355 2960 si
382 2899 491 2959 EnnIus
516 2909 688 2977 persecutus
712 2909 775 2974 est,
805 2902 833 2959 ln
860 2918 896 2959 eo
917 2921 993 2961 nexu
1017 2902 1137 2960 forsitan
1163 2901 1257 2960 Iocum

146 3006 174 3066 bi
197 3025 318 3067 narsus:
341 3019 396 3066 tam
413 3012 504 3081 clupei
523 3015 655 3064 resonant
675 3016 702 3063 ct
717 3009 794 3081 farri
812 3014 902 3067 stridit
918 3028 1034 3068 aasamca
1059 3005 1129 3085 (VI)
1150 3016 1179 3065 et
1194 3014 1257 3066 mis-

144 3132 232 3190 saque
251 3132 309 3188 par
331 3124 431 3187 pactas
457 3117 521 3171 dam
543 3117 643 3170 transii
667 3116 801 3170 stridarat
819 3116 900 3170 basta
929 3111 1014 3190 (VII)
1046 3115 1257 3171 nanciscantur.

102 3237 106 3243 ·
145 3218 210 3278 Nec
232 3220 335 3277 inscite
358 3219 467 3296 Hugius
501 3218 605 3278 ibidem
638 3216 769 3275 ferocem
799 3216 956 3294 Hispanum
991 3218 1086 3277 induci
1120 3220 1256 3291 coniecit,

146 3327 194 3402 qui
207 3343 241 3385 se
261 3324 390 3384 Romane
410 3326 527 3384 nesciae
545 3325 667 3382 iactaret
689 3323 717 3380 in
737 3322 812 3382 hunc
830 3324 960 3383 modum:
981 3329 1108 3400 Hispana
1127 3346 1182 3384 aaa
1199 3329 1257 3386 Ra—

145 3452 228 3492 mane
248 3439 403 3492 memoratis
420 3436 494 3506 loqui
512 3450 555 3489 me
572 3430 644 3506 (inc.
669 3429 732 3488 sed.
752 3428 868 3507 XLIII).

230 3538 255 3598 E
283 3537 508 3598 duodecImo
541 3535 666 3595 annali
697 3555 713 3595 a
747 3536 940 3612 grammaticis
969 3544 1106 3614 quattuor
1135 3539 1259 3598 citantur

144 3644 322 3721 fragmenta,
353 3660 475 3721 quorum
500 3651 595 3700 tamen
616 3660 701 3700 unum
719 3643 796 3720 quod
818 3640 899 3701 Fabii
921 3644 1106 3721 praeconium
1130 3646 1258 3704 continet

144 3750 179 3810 ad
196 3767 302 3809 nonum
316 3750 367 3826 (fr.
381 3748 464 3828 VIII)
487 3747 694 3824 relegauimus,
717 3749 773 3809 duo
796 3768 812 3808 e
829 3757 976 3826 postremo
992 3749 1088 3808 annali
1106 3749 1258 3829 desumpta

146 3875 213 3916 esse
235 3855 310 3915 inlra
335 3857 511 3914 euincemus.
547 3853 592 3912 Ac
614 3873 650 3914 ne
673 3855 736 3913 eius
756 3856 872 3934 quidem
894 3855 971 3932 quod
992 3873 1076 3913 unum
1097 3864 1187 3914 restat
1206 3872 1256 3914 oc·

148 3965 296 4023 casionem
318 3970 482 4022 monstrare
503 3961 639 4035 contigit:
671 3969 758 4022 omnm
779 3966 903 4021 mortalis
925 3968 1042 4019 uictores
1064 3965 1193 4020 cordibus
1214 3968 1256 4020 ui-

144 4076 186 4129 uis
207 4074 356 4129 Laetantes
386 4075 450 4129 aino
476 4079 589 4126 curatos
610 4084 722 4125 somnus
744 4080 856 4142 repento
877 4070 913 4125 In
940 4087 1037 4141 satrapa
1062 4073 1171 4141 passim
1192 4073 1257 4126 naal-

145 4178 262 4234 liccimus
278 4181 401 4250 percara
419 4181 505 4233 acris.
538 4172 619 4247 Qtros
638 4191 741 4231 uersus
757 4171 868 4249 Hngius
887 4173 915 4230 in
934 4182 1033 4248 strage
1044 4172 1168 4233 Histrica
1186 4190 1256 4232 con·

145 4277 254 4340 locauit
275 4279 385 4340 Liuium
404 4279 468 4340 XLI
489 4280 508 4340 3
532 4289 667 4358 secutus,
699 4281 747 4358 qui
767 4278 881 4338 Histros
904 4287 1017 4353 narrat,
1041 4278 1089 4336 ubi
1114 4280 1140 4335 in
1164 4295 1255 4337 uacua
