2834 4988
154 378 267 425 xxvm
555 365 865 435 QVAESTIONES

150 534 216 596 lan.
241 552 305 595 cum
328 533 411 594 Ennii
434 552 521 594 uersu
541 532 617 593 bunc
643 551 729 614 quem
751 532 902 611 Vergilius
922 541 954 592 et
980 530 1055 592 Aea.
1080 529 1120 591 IV
1145 528 1210 591 482
1235 537 1265 591 et

151 640 192 701 vl
214 641 276 701 797
298 642 335 702 de
359 641 475 703 Atlante
502 637 606 702 extulit
628 656 712 696 axem
735 656 831 700 omero
860 649 968 716 torquet
993 643 1079 701 noto
1103 641 1265 699 ardescebat

151 758 247 824 optem
278 750 457 828 composuit:
493 750 520 807 ni
547 749 646 808 mirum
675 746 726 806 ille
756 756 906 808 extremae
933 756 1039 807 tautum
1067 754 1098 806 et
1125 744 1197 805 alibi
1223 742 1261 805 ab

151 855 245 916 Ennio
283 856 429 916 adhibitae
469 855 623 916 locutionis
661 859 745 914 stello
773 858 942 932 superatio
973 853 1052 932 (siae
1085 850 1262 930 ardentius)

150 973 246 1045 aptum
268 964 409 1022 rationem
433 960 539 1021 babuit.
563 959 668 1039 Neque
685 969 781 1020 tamen
804 962 939 1040 quoniam
961 960 1062 1021 Iouem
1080 969 1189 1021 matun
1203 976 1262 1019 noir

152 1069 307 1148 oportebat
337 1070 373 1130 ab
402 1070 503 1129 Aenea
530 1067 657 1141 laudari,
691 1068 758 1128 ideo
787 1076 834 1128 est
860 1077 890 1126 nt
918 1067 985 1128 binc
1013 1086 1130 1128 norsum
1159 1067 1272 1129 iubeas-

152 1176 284 1237 exulare.
327 1176 366 1237 At
393 1194 464 1236 uero
487 1176 611 1235 Atlantis
641 1192 759 1255 quoque
786 1174 918 1236 Aeneam
945 1177 1121 1263 mentionem
1149 1175 1262 1237 iecisse

150 1282 300 1360 Vergilius
323 1283 407 1342 iidem
431 1282 515 1342 facit:
544 1291 574 1342 ut
596 1281 653 1342 bno
674 1292 757 1342 recte
785 1282 973 1361 ascripserim
993 1283 1088 1343 Semii
1116 1283 1162 1361 (in
1184 1281 1261 1345 Aen.

151 1389 163 1452 1
181 1390 253 1450 741.
269 1390 309 1450 tv
325 1388 401 1478 246)
423 1389 460 1449 dc
476 1388 654 1463 Telamone,
678 1388 804 1449 Atlantis
827 1390 942 1449 nomine
956 1389 1106 1466 Romano,
1128 1391 1260 1451 testimo·

150 1498 225 1556 nium
238 1496 405 1577 (XXVlll).
428 1496 492 1557 lloc
504 1498 579 1556 enim
591 1495 711 1556 Ennium
725 1514 777 1556 suo
790 1513 882 1570 more,
896 1514 981 1576 mem
994 1515 1082 1577 supra
1093 1498 1190 1577 tetigi,
1202 1506 1260 1560 sta·

150 1606 198 1663 tim
223 1605 251 1663 in
274 1605 365 1684 prima
380 1604 505 1664 Atlantis
524 1603 722 1682 adpellatione
742 1603 898 1682 probabile
916 1614 963 1665 est
975 1605 1132 1666 adiecisse.
1168 1603 1260 1683 Frag-

150 1721 245 1772 mento
267 1711 349 1772 XXX
370 1712 448 1792 quod
470 1713 536 1771 item
558 1711 678 1772 Aeneae
702 1710 791 1772 uerba
814 1712 955 1771 contineri
976 1710 1110 1789 Vergilio
1132 1712 1261 1774 conlisus

149 1820 250 1895 statui,
274 1828 410 1899 poterant
431 1817 480 1879 illo
505 1836 599 1898 aeque
622 1817 698 1879 bene
724 1818 760 1879 ab
786 1818 905 1879 Albano
933 1838 1005 1896 rege
1034 1819 1148 1879 clierri:
1176 1803 1260 1898 'apud

148 1926 318 2003 Dionysium
334 1927 449 2006 quidem
461 1923 554 1985 Halic.
568 1924 666 2004 Antiq.
680 1923 764 1985 Rom.
781 1924 794 1984 l
809 1925 850 1986 58
868 1945 897 2006 p.
914 1925 973 1986 149
984 1925 1086 1987 Reisls.
1098 1925 1216 1987 Latinus
1231 1926 1260 1985 in

147 2034 222 2094 banc
245 2033 329 2094 Ennii
359 2035 457 2094 uersui
487 2031 658 2092 simillimam
687 2035 874 2094 sententiam:
905 2034 1016 2107 πίστεις
1041 2022 1156 2094 τούτων
1187 2023 1260 2108 ἆξιῶ

147 2141 253 2203 δοῦναι
273 2139 324 2201 καὶ
351 2143 468 2220 λαβεῖν,
490 2140 524 2200 αἳ
549 2132 733 2216 φυλάξουσιν
759 2130 834 2217 ἡμῖν
859 2132 986 2214 ἀδόλους
1018 2129 1072 2211 τὰς
1103 2129 1260 2218 ὁμολογίας
1292 2172 1296 2179 ·

147 2247 284 2326 loquitor.
330 2246 375 2306 Ad
398 2247 519 2306 Aeneae
550 2263 607 2306 non
629 2246 779 2305 admodum
803 2246 923 2308 breuem
945 2247 1162 2326 expositionem
1183 2264 1259 2326 qnae

147 2371 199 2412 rex
218 2352 311 2412 Albae
334 2354 519 2431 responderit
540 2353 701 2411 nescimus:
726 2354 870 2430 praemitti
889 2353 917 2413 ei
936 2369 1085 2433 responso
1104 2352 1140 2413 lr.
1160 2350 1257 2413 XXXI

148 2458 277 2534 uidetur,
306 2459 384 2537 quod
405 2467 500 2518 tamen
523 2459 610 2520 lacile
640 2459 799 2519 concedam
823 2460 908 2519 etiam
937 2458 1006 2519 alibi
1032 2468 1129 2539 aptam
1156 2459 1257 2520 sedem

147 2563 276 2623 nancisci
305 2565 455 2642 potuisse,
485 2561 658 2625 uelut'illud
687 2584 744 2625 uon
774 2567 901 2646 ineptum
930 2577 991 2643 est,
1020 2567 1098 2647 quod
1127 2565 1257 2626 editores

147 2686 184 2729 eo
199 2687 287 2729 uersu
305 2670 448 2729 Amulium
468 2670 616 2747 designari
634 2671 798 2733 uoluerunt.
857 2674 902 2735 Ad
919 2674 1039 2734 Aeneae
1052 2691 1175 2750 regnam
1190 2690 1256 2752 per·

144 2776 217 2836 tinet
235 2775 311 2837 baud
329 2776 416 2837 dubie
439 2777 475 2837 ir.
500 2776 628 2853 XXXII,
658 2797 829 2859 quamquam
852 2790 975 2860 propter
1003 2785 1144 2857 procudam
1165 2778 1253 2858 parti·

145 2883 239 2945 colam
268 2900 332 2943 com
359 2883 394 2943 lr.
426 2882 504 2943 XXl.
533 2882 616 2944 XXlI
647 2889 762 2946 conecti
791 2906 849 2947 uon
875 2887 984 2948 debuit.
1031 2886 1095 2961 Qua
1123 2903 1158 2946 re
1188 2901 1252 2947 oum

145 2990 254 3049 certios
274 2990 343 3069 quid
365 2989 402 3051 do
425 2990 493 3050 loco
515 2991 668 3070 fragmenti
689 2995 881 3055 coniectando
904 3010 962 3052 uon
984 2994 1125 3068 emerim,
1154 2993 1184 3052 in
1205 3010 1254 3052 ex·

144 3103 236 3157 trema
259 3095 296 3156 de
319 3097 423 3159 Aenea
443 3099 608 3160 narratione
629 3101 762 3180 adposui.
843 3098 965 3160 Aeneae
987 3099 1098 3159 obitum
1118 3100 1254 3177 tetigisse

144 3210 260 3282 poetam
281 3214 312 3265 ut
328 3204 485 3284 probabile
498 3214 553 3281 est,
576 3207 615 3266 ita
634 3225 691 3286 quo
709 3208 772 3268 iere
788 3207 874 3269 modo
888 3226 952 3267 eum
965 3206 1105 3284 tetigerit,
1127 3206 1254 3266 eSeroli

144 3310 188 3383 (in
206 3310 280 3371 Aen.
305 3311 439 3391 v1778)
458 3312 622 3372 testimonio
640 3313 778 3388 discitur,
803 3316 851 3392 qui
864 3313 993 3374 Aeneam
1008 3330 1076 3372 csse
1091 3313 1166 3372 inter
1181 3312 1255 3373 deos

143 3417 311 3477 translatum
324 3417 470 3496 perbibuit
489 3416 656 3498 (XXXlll).
694 3420 792 3499 Atque
808 3420 937 3496 Aeneas,
959 3429 990 3480 ut
1005 3438 1043 3480 en
1054 3418 1126 3479 lliae
1142 3420 1255 3479 sommo

143 3523 210 3599 (45.
234 3522 292 3603 48)
311 3523 477 3601 configitur,
502 3533 568 3584 onte
587 3524 732 3583 ineuntem
743 3525 807 3584 eius
829 3526 1021 3586 calamitatem
1043 3534 1174 3586 mortuus
1198 3536 1253 3588 est.
1281 3554 1285 3559 ·

227 3628 327 3710 ltaque
344 3631 461 3691 deuenit
475 3631 631 3709 disputatio
648 3631 683 3693 ad
698 3631 788 3708 iliam,
805 3650 889 3711 quam
906 3633 984 3712 apud
998 3632 1120 3692 Ennium
1132 3632 1255 3695 Aeneae

141 3747 256 3814 gnatam
277 3738 370 3814 luisse
392 3755 449 3797 non
472 3737 570 3799 fallaci
593 3738 687 3798 Seruii
711 3740 876 3798 testimonio
901 3746 1015 3798 constat
1045 3740 1088 3816 (in
1103 3737 1187 3798 Aen.
1213 3738 1255 3800 vi

142 3844 237 3923 778):
260 3848 325 3905 dicit
348 3863 469 3924 nomque
490 3843 631 3924 (Ennius)
655 3848 738 3906 Iliam
764 3849 854 3924 subse
871 3851 960 3922 pilatum
984 3848 1111 3910 Aeneam
1134 3851 1213 3922 qood
1229 3852 1257 3907 si

140 3960 189 4026 est,
213 3957 322 4013 Aeneas
345 3971 416 4013 auos
437 3961 478 4012 est
503 3956 623 4013 Romuli.
677 3951 723 4013 lle
749 3970 807 4033 quo
838 3953 1005 4012 testimonio
1027 3959 1151 4029 propter
1180 3957 1257 4029 quod

138 4063 164 4118 st
191 4068 231 4119 est
252 4058 428 4120 locutionem
444 4059 620 4120 addubitauit
637 4060 847 4139 Scbweglerus
864 4058 952 4138 (illst.
971 4057 1055 4118 Rom.
1078 4056 1091 4117 l
1111 4074 1142 4136 p.
1159 4058 1253 4138 407),

138 4182 173 4224 an
194 4166 376 4244 exploratam
391 4183 452 4226 rem
472 4165 593 4226 Seruius
617 4166 732 4245 prodat,
756 4185 791 4228 ac
806 4167 973 4245 nonpotius
991 4165 1042 4226 illa
1062 4183 1100 4224 ex
1114 4164 1253 4243 ambiguo

137 4268 222 4334 Ennii
245 4272 324 4336 dicto
347 4290 401 4335 suo
423 4273 556 4353 periculo
585 4273 773 4336 concluserit.
818 4271 885 4333 Non
909 4272 989 4348 iure,
1015 4273 1040 4331 si
1062 4271 1131 4351 quid
1151 4272 1251 4333 uideo.

1026 4600 1029 4607 .
1072 4580 1119 4673 ,μή
1141 4648 1145 4655 Ι
1175 4586 1209 4641 ..4
1226 4658 1234 4667 .
