2834 4988
525 425 766 496 RELIQVIAE
1140 419 1202 485 181

593 588 702 663 XLVI

189 710 316 781 Plinius
338 713 411 782 Nat.
437 711 522 781 Hist.
544 707 640 780 XVII
664 718 694 795 8,
718 718 758 782 81
787 713 836 781 ‘et
859 709 986 782 Ennius
1006 708 1201 804 antiquissi-

86 837 161 885 mus
179 817 275 885 uates
292 815 475 886 obsidionis
491 816 612 885 famem
632 813 822 905 exprimens
844 816 971 885 offam
990 813 1202 906 eripuisse
1240 876 1245 881 .

88 918 358 1010 plorantibus
378 918 530 990 liberis
552 920 699 1010 patres
718 919 972 990 commemorat!

551 1057 556 1064 '
582 1053 706 1124 XLVII

192 1170 307 1242 Gicero
329 1172 370 1241 de
393 1193 429 1241 re
450 1194 481 1262 p.
502 1168 516 1241 Ι
538 1180 568 1257 2,
589 1181 608 1244 3
640 1173 756 1242 ‘urbes
781 1193 920 1265 magnas
949 1176 1048 1265 atque
1072 1171 1200 1263 inpe-

86 1276 242 1360 riosas,
264 1277 302 1344 ut
321 1274 467 1366 adpellat
487 1274 628 1363 Ennius,
651 1275 770 1347 uiculis
789 1278 821 1345 et
840 1275 985 1346 castellis
1003 1277 1199 1366 praeferen-

86 1380 147 1449 das
164 1379 266 1470 puto!
295 1379 418 1448 urbes
439 1400 609 1472 magnas
628 1383 754 1473 atque
772 1379 1015 1470 inperiosus
1033 1384 1199 1472 tamquam

86 1482 268 1553 hexametri
284 1504 407 1553 uersus
428 1483 620 1573 particulam
639 1483 746 1554 Ennio
767 1480 911 1554 Orellius
933 1483 1045 1553 tribuit

572 1618 710 1690 XLVIII

187 1736 343 1807 Lucanus
364 1735 514 1807 Pharsal.
533 1736 566 1807 X
588 1745 650 1808 219
679 1739 857 1806 ‘commeat
878 1736 940 1806 hac
960 1735 1091 1828 penitus
1113 1735 1199 1806 taci-

84 1840 126 1910 tis
152 1838 358 1910 discursibus
382 1839 471 1909 unda
490 1839 631 1934 Frigore
656 1840 697 1910 ab
720 1841 845 1911 Arctoo
873 1839 1015 1910 medium
1043 1847 1199 1909 reuocata

85 1944 148 2013 sub
171 1966 285 2029 axem,
310 1941 392 2014 Cum
407 1942 563 2014 Phoebus
582 1943 704 2037 pressit
720 1945 854 2014 Meroen
873 1943 1039 2036 tellusque
1061 1946 1199 2034 perusta

85 2045 165 2116 Illuc
188 2046 281 2116 duxit
301 2045 426 2138 aquas!
467 2047 578 2118 Schol.
597 2048 631 2116 in
651 2046 723 2118 bl
747 2054 885 2141 ‘aquasz
914 2046 1073 2117 Ennius
1097 2045 1198 2116 haec

87 2149 133 2220 de
155 2149 249 2220 Nilo
273 2149 347 2235 ait,
381 2151 492 2241 quod
517 2174 588 2244 per
616 2154 822 2223 aestatem
844 2150 909 2221 sol
937 2150 985 2220 ab
1009 2148 1196 2220 inferio·
1275 2138 1281 2151 ’

84 2253 200 2323 ribus
221 2273 364 2345 aquarn
388 2273 517 2344 supra
539 2257 730 2340 reuocet,
759 2259 799 2325 et
822 2254 917 2325 hinc
937 2275 985 2323 eo
1010 2257 1197 2343 tempore

84 2355 206 2427 Nilus
230 2356 461 2427 increscat.'

586 2459 693 2530 XLIX

187 2573 326 2646 Seruius
344 2573 379 2644 in
393 2575 478 2646 Aen.
496 2576 510 2645 l
528 2585 587 2646 741
618 2583 715 2649 ‘sane
729 2577 826 2649 Atlas
842 2575 1004 2646 Graecum
1026 2578 1087 2659 est,
1112 2573 1197 2643 sicut

82 2683 116 2750 et
134 2680 242 2750 Nilus:
266 2702 340 2749 nam
362 2678 489 2750 Ennius
510 2678 587 2750 dicit
604 2682 737 2752 Nilum
752 2680 953 2751 Melonem
975 2677 1106 2763 uocari,
1129 2677 1196 2746 At-

82 2784 202 2853 lantem
231 2806 313 2854 uero
342 2784 574 2854 Telamonem?
619 2784 668 2856 Cf.
691 2786 815 2857 Paulus
842 2784 931 2854 Festi
957 2806 989 2874 p.
1013 2781 1098 2851 7111.
1123 2779 1197 2851 ‘al-

82 2888 164 2956 cedo
189 2887 357 2957 dicebatur
377 2887 418 2956 ab
437 2886 580 2978 antiquis
603 2910 664 2979 pro
685 2889 836 2979 alcyone,
864 2890 901 2956 ut
921 2908 982 2977 pro
1003 2882 1198 2977 Ganymede

83 2989 281 3073 Catamitus,
318 3010 379 3079 pro
406 2989 498 3059 Nilo
524 2988 650 3069 Melo?
700 2991 788 3061 Idem
813 3013 844 3080 p.
866 2998 904 3059 18
927 2990 968 3058 Μ.
997 2984 1196 3057 ‘Alumento

82 3114 144 3182 pro
171 3091 397 3162 Laumedonte
428 3114 448 3161 a
481 3092 650 3162 ueteribus
681 3093 840 3164 Romanis
877 3091 1016 3162 necdum
1051 3087 1196 3159 assuetis

83 3195 229 3264 Graecae
243 3195 378 3286 liuguae
392 3193 514 3264 dictum
527 3198 588 3264 est.
626 3195 681 3266 Sic
694 3197 798 3267 Melo
817 3216 890 3286 pro
907 3193 1019 3278 Nilo,
1047 3189 1195 3262 Catami-

83 3305 138 3368 tus
157 3319 218 3389 pro
238 3297 432 3389 Ganymede
519 3297 707 3371 dicebatur.’
751 3300 840 3369 Idem
864 3322 895 3389 p.
918 3307 978 3368 124
1000 3298 1042 3366 M.
1071 3295 1194 3365 ‘Melo

81 3403 213 3474 nomine
236 3402 301 3473 alio
325 3400 418 3472 Nilus
442 3402 599 3474 uocatur?

622 3536 649 3607 L

145 3692 153 3702 ·
183 3655 309 3727 Paulus
340 3654 429 3725 Festi
463 3678 495 3746 p.
522 3664 543 3725 4
576 3653 617 3724 Μ.
659 3654 894 3726 ‘ambactus
931 3653 1025 3745 apud
1053 3650 1194 3722 Ennium

83 3757 201 3850 llngua
235 3758 361 3828 Gallica
399 3779 519 3828 seruus
555 3757 758 3850 appellatur!
813 3758 923 3831 Gloss.
958 3757 1059 3828 Labb.
1097 3762 1195 3826 ‘am-

81 3860 250 3947 1111111,
278 3862 410 3946 δοῦλος
430 3853 612 3952 μισθωτὸς
634 3853 683 3948 ὥς
698 3853 862 3948 ’Forma’

614 3999 656 4070 LI

181 4116 302 4185 Festus
330 4139 361 4206 p.
388 4124 447 4187 153
471 4116 513 4186 Μ.
549 4119 652 4186 ‘meta
675 4170 793 4187 .......
817 4139 856 4187 11
878 4139 899 4186 1
921 4113 1048 4184 cariore
1076 4163 1193 4181 .......

81 4271 177 4290 ......
201 4223 404 4310 peruentura
512 4220 602 4312 quod
764 4220 874 4290 dicare
895 4219 940 4289 ait
960 4216 1087 4288 Ennius
1110 4267 1135 4283 ..
1158 4213 1192 4283 id

81 4326 133 4394 est
155 4373 383 4395 .............
402 4321 504 4394 meta’
526 4344 555 4393 e.
575 4346 606 4416 q.
625 4344 653 4394 s.
