2834 4988
540 397 785 468 Ruurovlau
1159 397 1222 462 109

195 669 312 739 ,Duxit
328 691 381 739 me
400 683 539 739 uxorem
558 565 737 840 Ιὼθῑῖἔυηι
760 670 822 740 sthi
845 672 1069 763 quaesendum
1090 673 1208 764 gratia,

126 865 128 869 ’
209 873 294 965 'Ego
311 874 403 944 meae
419 898 495 947 curn
510 876 598 946 uitae
616 897 759 1049 pqplcaur,
782 875 882 946 le'tum
902 875 1032 945 inimico
1053 877 1221 967 deprecer.

551 1081 777 1173 Cresphontes

209 1179 290 1249 ‘Eho
313 1185 364 1266 tu,
393 1184 442 1268 di,
471 1185 590 1278 quibus
615 1185 667 1256 est
687 1187 836 1277 potestas
853 1183 963 1252 motus
982 1204 1140 1275 superum
1165 1193 1220 1257 at-

702 1380 704 1382 ·
768 1310 832 1381 que
853 1288 1003 1371 inierunt,

209 1385 328 1455 Pacem
351 1386 435 1458 inter
454 1387 530 1458 sese
554 1388 743 1562 concgilqnt,
771 1391 946 1460 edulerunt
966 1389 1185 1461 concdrdiam.

122 1600 181 1659 165
211 1644 219 1659 .
358 1646 366 1662 .
507 1648 516 1668 .
554 1593 675 1688 [iidem]
700 1595 861 1687 opiferum
881 1593 1008 1664 socium
1030 1595 1196 1668 aduncant

532 1729 548 1766 *
774 1730 790 1767 *

652 1787 668 1824 ⁷&

210 1917 467 1935 .....
521 1869 600 1937 eunt
622 1866 664 1936 ad
684 1867 825 1951 fontem,
856 1865 992 1936 nitidant
1011 1867 1152 1958 corpora

104 2048 194 2098 Bamb.
208 2049 224 2099 b
238 2049 324 2099 Tross.
341 2049 402 2098 Tur.
473 2051 510 2101 ab
530 2052 745 2103 incommodis
764 2046 866 2114 Troes.)
903 2049 956 2098 ‘Ex
970 2049 1082 2115 simplici
1096 2060 1169 2118 parte
1181 2067 1221 2102 re-

106 2118 307 2184 prehendentur,
331 2120 353 2168 si
370 2135 403 2169 ex
417 2120 514 2187 duplici
528 2121 692 2172 conclusione
712 2122 832 2172 alterutro
845 2135 906 2186 pars
919 2118 1043 2180 diluetur,
1067 2119 1115 2169 hoc
1130 2121 1219 2172 modo:

105 2203 172 2238 nam
193 2189 221 2238 si
235 2189 406 2255 inprobum
477 2192 620 2257 nuptiis?
637 2218 674 2230 —
690 2192 773 2242 Duxi
789 2189 925 2256 probunt
940 2186 1023 2254 [160]
1055 2190 1122 2256 Ergo
1134 2206 1221 2257 repre-

105 2257 195 2307 hensio
216 2256 379 2309 huiusmodi
400 2261 572 2311 conclusionis
591 2261 688 2328 duplex
704 2270 754 2312 est:
783 2261 881 2310 acutior
899 2258 945 2309 illa
964 2259 1094 2322 superior,
1120 2260 1221 2310 facilior

105 2327 169 2377 haec
189 2330 315 2394 posterior
331 2329 365 2379 ad
381 2330 598 2397 excogitandum!
631 2331 695 2381 Tres
711 2332 770 2381 illos
786 2344 890 2380 uersus:
912 2328 1001 2378 nulla
1015 2345 1037 2378 e.
1053 2345 1078 2392 q.
1092 2345 1113 2378 s.
1135 2329 1221 2380 rheto-

105 2398 154 2456 ris,
174 2413 224 2447 ncn
235 2399 311 2448 Ennii
328 2414 385 2449 esse
395 2398 424 2449 0.
435 2400 592 2451 Ribbeckius
605 2401 683 2450 uidit:
703 2401 798 2451 relicua
813 2400 847 2450 ad
860 2399 935 2451 Ennii
947 2397 1131 2464 Cresphontem
1143 2401 1222 2466 perti·

104 2482 164 2517 uere
182 2467 242 2517 olim
262 2468 417 2519 intellectum
441 2479 479 2520 est
547 2472 581 2520 IV
601 2471 691 2521 Festus
712 2486 738 2536 p.
752 2470 848 2522 25811.
875 2472 1048 2532 ‘quaesere
1065 2471 1168 2535 ponitur
1188 2471 1220 2520 ah

104 2537 215 2599 antiquis
236 2552 284 2603 pro
306 2554 440 2601 quaerere,
468 2549 496 2589 ut
518 2550 557 2590 est
579 2541 648 2607 apud
672 2542 781 2590 Ennium
801 2565 836 2576 -
860 2547 885 2588 et
905 2539 932 2587 in
952 2537 1110 2604 Chrespoute
1133 2541 1184 2589 ...'

139 2607 162 2654 V
186 2606 283 2657 Gellius
295 2609 330 2658 Vl
348 2608 379 2660 to
397 2607 592 2676 (deprecor)
613 2610 754 2676 ‘significat
768 2609 845 2675 abigo
858 2616 883 2658 et
895 2608 1015 2668 amolior,
1033 2608 1075 2658 uei
1088 2625 1164 2676 prece
1175 2610 1221 2660 ad-

104 2675 185 2725 hibita
194 2678 237 2726 uel
248 2692 298 2741 quo
308 2679 358 2728 nlic
371 2681 456 2729 modo.
467 2681 529 2730 item
540 2680 636 2730 Ennius
648 2681 674 2729 iu
684 2680 841 2746 Cresphonte
852 2717 857 2728 .
868 2716 873 2727 .
884 2679 903 2726 .’
923 2677 962 2728 Cf.
974 2692 1032 2727 ann.
1041 2680 1074 2728 Vi
1085 2680 1117 2729 lr.
1126 2679 1185 2730 Xill

139 2746 174 2795 VI
191 2747 266 2800 Rhet.
281 2748 314 2797 ad
327 2749 481 2799 Herennium
495 2751 571 2809 1125,
586 2748 620 2799 39
639 2750 714 2800 ‘item
727 2752 849 2801 uitiosum
861 2756 908 2809 est,
923 2764 981 2797 curn
994 2748 1021 2797 id
1037 2763 1088 2814 pro·
1097 2757 1165 2800 certo
1179 2764 1222 2800 su>

104 2816 194 2875 mitur,
214 2819 288 2880 quasi
304 2819 369 2868 iuter
385 2834 472 2870 ornnes
486 2827 595 2878 constet,
615 2819 773 2882 quodetiam
793 2833 859 2867 nuuc
874 2819 901 2867 in
917 2820 1091 2868 controuersia
1102 2827 1154 2879 est,
1173 2819 1222 2869 hoc

104 2885 193 2934 modo:
212 2886 273 2937 eho’
293 2902 316 2938 e.
331 2904 355 2951 q.
372 2904 393 2937 s.
418 2889 498 2939 ‘Nam
511 2891 547 2938 ita
561 2903 607 2954 pro
622 2903 669 2938 suo
683 2889 737 2939 iure
751 2888 800 2937 hoc
813 2888 933 2953 exemplo
949 2902 1023 2937 usum
1038 2888 1221 2954 Cresphontem

103 2954 201 3005 Ennius
223 2957 338 3018 induxit,
368 2960 440 3021 quasi
459 2961 509 3009 iarn
532 2960 595 3008 satis
613 2958 689 3007 certis
708 2957 849 3007 rationibus
872 2958 907 3006 ita
927 2972 984 3006 esse
1003 2957 1220 3008 demonstrasset!

103 3023 325 3091 (thesprot'um
341 3028 397 3077 Par.
415 3028 504 3078 Bamb.
521 3044 537 3078 a
553 3026 606 3077 Eri.
620 3027 743 3077 Wuercb.
760 3026 981 3090 threspcutem
997 3027 1086 3077 Bamb.
1102 3028 1118 3078 b
1136 3036 1221 3077 trea-

104 3102 234 3161 poutem
248 3095 332 3163 Opitc.
349 3098 577 3164 chrespontom
591 3097 655 3146 Fris.
670 3096 892 3162 tesprotheum
906 3092 983 3158 Tur.)
997 3096 1085 3146 Cicero
1098 3097 1130 3147 de
1143 3098 1196 3147 in‘u.
1211 3095 1221 3146 1

103 3163 146 3222 49,
163 3163 194 3214 91
218 3173 422 3218 ‘controuersum
443 3177 493 3228 est,
514 3170 540 3217 in
558 3181 607 3230 quo
625 3167 658 3215 ad
676 3167 781 3216 dubium
802 3165 1026 3215 demonstrandum
1047 3166 1125 3216 dubia
1145 3182 1222 3217 causa

103 3233 232 3295 adfertur,
255 3235 305 3285 hoc
325 3238 413 3287 modo:
441 3239 501 3288 eho'
525 3255 547 3289 e.
568 3252 632 3300 qs.
704 3237 749 3285 Vll
769 3235 1028 3300 Noniusp.144,14
1047 3236 1220 3296 ‘nitidaut,

146 3382 196 3437 161
217 3376 296 3432 duxit
311 3376 478 3435 Scriuert'os.
503 3377 579 3434 ducit
600 3379 661 3435 cod.
750 3382 798 3436 161
821 3394 901 3432 ureae
924 3393 988 3432 curu
1010 3377 1135 3432 Bollu'as.
1157 3395 1220 3433 autu

102 3477 184 3517 ureae
198 3461 262 3520 lihrr'
346 3461 448 3534 dep‘cer
470 3462 531 3519 Vct.
548 3463 686 3536 deprecor
700 3464 781 3535 culpo
868 3466 919 3521 163
933 3462 987 3517 eho
1003 3469 1032 3516 tu
1048 3461 1076 3516 di
1092 3463 1153 3530 (uel
1167 3463 1221 3524 din

103 3548 205 3618 quibus
224 3554 267 3603 est
278 3550 380 3620 priore
393 3549 451 3604 loco
466 3548 541 3604 Fris.
559 3550 653 3605 Troas.
669 3547 738 3603 Tur.
753 3547 884 3603 Bomb.h
902 3546 997 3618 Opitz,
1016 3548 1102 3603 altero
1118 3563 1221 3604 omnes.

103 3633 204 3690 studiis
220 3649 285 3689 esse
299 3632 371 3687 Por.
383 3651 419 3688 m.
429 3651 480 3704 pr.
496 3634 597 3689 studiis
611 3628 628 3689 ὅ,
649 3632 777 3689 Wuerzo.
794 3631 879 3687 studii
894 3633 994 3704 quibus
1009 3639 1052 3686 est
1068 3632 1135 3705 Ers.
1153 3633 1222 3688 nihil

103 3717 189 3773 studii
209 3736 275 3774 esse
289 3718 390 3773 Bamb.
406 3736 425 3773 o
446 3725 472 3773 et
488 3719 564 3775 Fn’s.
578 3722 608 3774 in
622 3735 675 3790 my.
692 3718 730 3772 nil
745 3725 774 3772 tu
789 3717 828 3772 dii
843 3733 908 3772 esse
924 3717 996 3772 Par.
1010 3732 1086 3772 corr.
1171 3736 1221 3790 po-

103 3807 189 3859 testas
211 3811 303 3859 motus
319 3805 420 3875 priore
433 3805 491 3859 loco
509 3805 577 3860 Tur.
592 3803 691 3859 Bamb.
707 3802 724 3856 d
740 3801 838 3874 θρίω,
863 3803 949 3858 altero
965 3817 1068 3857 omnes.
1095 3810 1220 3873 potestas

43 3895 54 3911 ”
103 3887 180 3944 Fris
200 3896 325 3961 potestas
346 3894 394 3944 aut
409 3896 501 3944 motus
518 3889 614 3945 Troes.
634 3894 727 3960 potest
749 3893 797 3942 aul
813 3894 919 3942 motum
939 3886 1011 3942 Par.
1031 3904 1068 3941 m.
1081 3905 1132 3959 pr.
1152 3888 1219 3960 Erf.

102 3979 197 4044 potest
208 3980 236 4029 at
246 3981 351 4030 molum
369 3974 497 4030 Wuerzh.
510 3979 661 4045 potestant
672 3971 841 4027 motusPcr.
855 3972 1056 4027 corr.chh.c
1069 3978 1095 4027 ct
1105 3973 1181 4027 Fran.
1193 3975 1221 4027 in

101 4074 156 4129 mp-
243 4064 408 4130 imparem
424 4059 494 4112 inter
504 4061 604 4131 priore
615 4060 672 4114 loco
683 4057 812 4112 Remini
827 4056 922 4113 Troas.
939 4055 1008 4112 Tur.
1021 4057 1098 4112 Fris.
1113 4073 1149 4112 m.
1160 4074 1220 4128 pr,

101 4143 190 4198 altero
204 4159 304 4201 omncs.
329 4159 428 4215 pacem
450 4144 526 4197 enirn
541 4144 611 4198 inter
627 4143 698 4198 Por.
713 4142 813 4197 Bamb.
828 4158 846 4195 c
870 4141 938 4213 Ers.
953 4140 1028 4196 Fris.
1051 4157 1127 4196 corr·
1149 4158 1219 4211 pace

102 4228 178 4282 eninr
194 4233 266 4282 inter
290 4228 418 4284 Wuerzb.
505 4244 536 4283 se
551 4228 650 4283 Bamb.
668 4227 685 4281 6
705 4226 780 4281 Fra‘a.
867 4231 918 4285 166
940 4227 1022 4296 opie
1042 4242 1102 4280 earn
1122 4241 1219 4280 secum

102 4311 244 4368 aduncant
255 4313 318 4369 lion·
403 4318 453 4373 166
468 4314 571 4368 fontem
584 4313 646 4367 edd.
660 4314 758 4367 iontem
768 4312 840 4367 libri.
853 4317 919 4364 eunt
930 4309 968 4365 ad
978 4311 1091 4377 fontem,
1104 4310 1222 4366 nitidant
