2834 4988
139 417 265 468 um
535 393 853 469 ornasrrouas

143 572 298 634 Atellanae
318 566 494 645 adligebaut.
543 565 572 625 ls
586 562 671 624 ladus
687 562 724 621 ab
743 560 829 619 Oscis
847 560 981 618 inuentus
1000 573 1066 615 carn
1083 554 1192 615 ceteris
1207 571 1248 613 re·

143 682 198 741 bus
212 675 372 738 consimilis
384 675 421 732 sit
437 682 565 745 saturae,
578 671 661 729 unius
676 679 770 727 tamen
783 666 906 726 actionis
921 663 1056 724 ambitum
1069 678 1129 720 non
1139 662 1248 739 migrat.

144 783 191 845 cf.
203 783 301 843 Liuius
312 778 365 840 t'lt
378 779 407 839 2.
430 776 632 839 Nihilominus
648 774 696 832 ubi
708 772 819 832 Romae
836 790 961 850 regnare
973 771 1155 831 Graecorum
1174 767 1249 829 tatu-

144 891 192 951 lae
214 894 393 966 coeperunt,
416 895 531 946 saturae
552 891 580 943 et
607 879 761 939 Atellanae
784 880 877 957 primo
897 875 1104 954 neglegentius
1127 874 1250 948 habitae,

144 998 210 1058 dein
233 997 411 1054 euanuerunt
433 988 470 1049 de
492 1004 592 1046 scena.
632 984 692 1045 Sed
714 1003 765 1044 eas
786 994 889 1063 postea
913 982 1059 1061 ingeniosi
1083 988 1192 1061 poetae
1216 998 1250 1040 er

145 1103 294 1164 obliuione
324 1098 479 1157 suscitatas
502 1095 607 1153 litteris
632 1109 709 1151 nouo
738 1091 848 1150 decore
874 1093 1030 1150 instructas
1055 1086 1250 1148 reddiderant.

145 1207 300 1268 Atellanae
320 1211 429 1264 sortem
451 1201 590 1279 persequi
612 1198 650 1256 nil
675 1199 793 1257 attinet:
821 1213 839 1254 e
860 1204 958 1254 satura
978 1203 1077 1254 autern
1098 1195 1150 1255 illa
1172 1194 1252 1254 Ennii

145 1323 242 1373 satura
263 1310 369 1392 prodiit
384 1306 557 1381 lectoribus,
579 1322 636 1363 non
658 1321 767 1362 scenae
788 1302 893 1363 dicata.
938 1300 1054 1375 Quare
1075 1300 1147 1362 licet
1169 1308 1252 1381 poeta

143 1418 310 1479 resecuerit
337 1413 479 1494 quaedam
502 1411 607 1490 quihus
633 1428 722 1470 scena
745 1415 955 1482 auocarent,
990 1410 1136 1486 originem
1162 1418 1253 1468 tamen

144 1524 291 1585 scenicam
310 1539 373 1582 cum
396 1518 479 1577 liunii
502 1527 559 1576 tum
579 1517 775 1596 posteriorum
796 1515 896 1593 poesis
919 1515 1045 1573 saturica
1064 1513 1172 1593 prodit.
1200 1512 1253 1573 t'et

144 1631 342 1692 diuerhiornm
372 1625 554 1698 memineris,
585 1622 688 1700 quihus
720 1620 789 1681 nihil
815 1628 858 1680 est
886 1619 914 1677 in
937 1628 1034 1679 satura
1063 1619 1251 1698 frequentius.

146 1736 241 1812 Quale
259 1732 330 1794 illud
354 1740 400 1790 est
420 1728 497 1808 quod
518 1728 711 1803 Quintilianus
730 1725 772 1786 tx
792 1727 828 1800 2,
854 1724 895 1785 36
913 1725 1001 1784 tradit
1019 1724 1144 1785 Ennium
1164 1728 1192 1785 in
1210 1743 1252 1785 sa·

145 1853 208 1904 tura
229 1851 352 1902 mortem
380 1854 415 1896 ao
446 1838 532 1895 uitam
562 1833 773 1894 contendentes
795 1831 860 1902 (uel
885 1832 910 1889 si
936 1828 1019 1891 liltris
1038 1833 1154 1911 aliquot
1173 1832 1252 1892 liden

144 1945 255 2005 habere
278 1942 361 2003 malis
389 1943 623 2020 eonsentientes)
656 1939 804 1999 induxisse
833 1936 906 2013 (inc.
930 1945 985 1995 sat.
1011 1935 1079 2017 lll).
1125 1936 1173 1999 ci.
1194 1940 1251 1999 Sat.

145 2051 185 2112 ΠΙ
212 2052 248 2111 ir.
276 2050 298 2109 l.
343 2050 472 2110 lndidem
491 2048 601 2108 Ennius
627 2045 789 2123 argumenti
817 2061 853 2102 ac-
880 2061 1065 2104 numerorum
1085 2047 1253 2105 uarietatem

145 2157 278 2235 repetiit:
301 2175 357 2234 qua
378 2175 443 2215 eum
461 2165 574 2215 saturas
595 2154 762 2214 distinxisse
773 2150 931 2210 Diomedes
947 2158 1071 2210 testatur
1085 2149 1127 2211 lll
1145 2170 1175 2231 p.
1196 2147 1254 2211 482

145 2262 192 2322 Ρ.;
211 2273 310 2323 saturo
329 2268 429 2322 dieitur
446 2282 562 2322 carmen
582 2267 660 2338 apud
678 2265 834 2327 Romaanus,
856 2276 911 2316 non
933 2261 1012 2332 opud
1031 2261 1171 2333 Graecos,
1197 2278 1253 2317 mo-

145 2372 259 2427 ledicam
278 2378 304 2426 et
326 2373 365 2426 ud
384 2374 528 2445 carpenda
549 2371 686 2427 bominum
715 2372 781 2425 aritia
802 2365 942 2422 cretaeae
963 2369 1121 2425 comoedica
1139 2368 1255 2425 ebarar-

146 2485 204 2532 tcre
224 2481 417 2549 compositum,
439 2480 521 2549 quate
539 2481 715 2550 seripserunt
735 2477 857 2532 lucubrat
878 2480 904 2528 et
923 2473 1061 2530 Horatius
1082 2484 1110 2532 ct
1126 2477 1255 2532 Persian.-

146 2589 176 2635 ct
195 2583 256 2636 olim
279 2597 392 2637 carmen
415 2585 488 2655 quod
512 2601 527 2640 e
552 2586 641 2640 uariis
660 2581 835 2654 poematibus
855 2582 998 2637 constabat
1013 2589 1113 2639 amaro
1133 2584 1254 2639 mmmc-

146 2689 242 2754 bntur‚
272 2689 353 2759 quate
378 2692 554 2761 serpserunt
576 2690 718 2745 Pacuuius
747 2693 773 2741 et
791 2686 914 2744 Ennius.-
942 2694 972 2744 et
993 2687 1064 2745 item
1081 2687 1199 2767 paulum
1216 2689 1254 2746 in·

145 2788 205 2847 lta:
226 2799 325 2847 saturo
341 2797 470 2851 cormaisu
490 2797 575 2851 multa
585 2797 668 2850 simul
684 2801 710 2848 et
722 2797 853 2865 memora
874 2798 1154 2870 comprehenduntur.
1196 2792 1256 2855 Nec

146 2905 241 2956 tamen
260 2894 381 2956 Ennium
408 2915 544 2958 numeros
574 2895 716 2957 credibile
752 2905 798 2956 est
830 2906 941 2959 temere
973 2900 1143 2961 miscuisse:
1172 2918 1255 2980 quem

147 3021 209 3062 eum
230 3003 362 3082 singulae
384 3014 517 3080 saturae,
541 3005 619 3082 quod
641 3003 799 3064 Diomedes
822 3003 944 3078 indicat,
967 3007 1166 3086 compluribus
1186 3012 1254 3086 poe·

145 3108 268 3191 ruatibus
301 3121 483 3187 constarent,
517 3129 701 3172 numerorum
729 3114 899 3173 uarietatem
925 3111 990 3172 lere
1020 3113 1057 3174 ad
1087 3115 1255 3175 uarietatem

148 3223 311 3293 poematum
337 3221 452 3279 rexisse
483 3221 614 3297 putarim.
666 3219 745 3278 luter
769 3218 907 3297 reliquias
934 3228 1095 3279 saturarum
1125 3229 1183 3280 tarn
1206 3236 1254 3279 eas

146 3339 221 3399 quae
252 3324 317 3383 inde
351 3326 475 3384 citantur
506 3327 616 3386 diserte
636 3345 721 3405 quam
745 3342 820 3403 quae
850 3324 889 3383 ibi
913 3324 1058 3404 probabili
1089 3327 1256 3386 coniectura

146 3428 296 3488 conlocari
317 3432 467 3508 uidentur,
494 3452 559 3493 cum
581 3433 694 3494 iambici
715 3430 914 3509 trochaicique
937 3450 1042 3491 uersus
1064 3440 1124 3490 turn
1138 3430 1255 3491 Sotadei

146 3541 176 3590 et
187 3531 347 3594 hexametri
361 3536 498 3601 feruntur.
523 3539 618 3598 l'ariis
631 3548 726 3598 autern
739 3537 839 3595 metris
852 3557 920 3598 suas
935 3537 1062 3597 Lucilius
1076 3553 1195 3615 quoqne
1212 3555 1255 3596 aa·

146 3647 224 3697 tutas
239 3640 401 3717 inpertiuit:
415 3644 468 3704 sed
484 3654 577 3705 tamen
591 3647 618 3704 ei
632 3654 791 3704 saturarum
805 3646 879 3721 parti
893 3663 977 3723 quarn
985 3645 1184 3724 posteriorem
1197 3643 1255 3704 edi·

147 3742 186 3803 dit
207 3762 290 3804 uuum
311 3746 543 3813 hexametrorum
558 3770 705 3813 numerum
726 3749 865 3810 adhibuit.
906 3747 952 3810 ct.
973 3749 1172 3811 Lachmannus
1194 3749 1254 3810 lad.

147 3848 321 3911 lect.Berol.
335 3866 409 3916 aest.
425 3857 512 3919 1549.
531 3860 614 3920 Vnde
628 3866 734 3938 poetae
746 3859 929 3936 posteriores
943 3855 1079 3917 lloratius
1088 3856 1205 3917 Persius
1212 3853 1256 3914 lu·

149 3957 260 4017 uenalis
271 3977 329 4019 nou
343 3961 408 4022 aliis
421 3965 448 4022 iu
463 3967 567 4025 saturis
580 3975 667 4044 atque
684 3964 783 4023 herois
800 3963 932 4023 uersibus
948 3964 992 4022 uai
1008 3972 1084 4023 sunt.
1111 3961 1192 4020 Vnus
1201 3957 1254 4018 l'e

149 4063 256 4123 rentius
268 4063 361 4126 l'arro
375 4069 402 4126 in
414 4071 519 4128 satoris
531 4069 694 4151 Menippeis
712 4091 776 4131 cum
791 4071 948 4131 Ennianum
961 4084 1147 4130 numerorum
1164 4066 1254 4127 uarie·

148 4174 236 4227 tatem
251 4170 387 4249 referret,
402 4175 535 4235 uersibus
551 4178 625 4238 adeo
645 4179 812 4258 pedestrem
828 4179 990 4239 orationem
1007 4175 1151 4255 aspersit:
1174 4173 1251 4234 cuius

149 4274 193 4331 tei
203 4287 306 4338 auctor
321 4289 367 4340 est
382 4281 573 4355 Quintilianus
588 4283 616 4343 X
630 4286 658 4360 l,
672 4283 728 4344 93:
747 4295 846 4344 saturo
860 4289 968 4361 quidem
983 4295 1038 4345 toto
1053 4293 1150 4344 nostra
1164 4291 1213 4356 eat,
1226 4284 1254 4337 in

13 4504 166 4618 fl
