2834 4988
192 389 255 453 120
571 391 927 452 TRAGOEDIARVM

204 572 265 634 285
291 561 391 631 Vecti
411 562 567 652 petebant
590 561 709 651 pe'llem
728 562 911 632 inauratam
933 563 1045 633 arietis

295 664 444 749 Colohr'S,
472 665 609 755 imperio
627 664 720 757 regis
739 665 869 750 Peliae,
899 667 959 756 per
979 667 1103 737 dolum.

292 770 372 837 Nam
394 769 572 860 numquam
592 789 650 837 era
667 789 783 838 errans
805 769 880 838 me'a
897 771 997 840 domo
1018 767 1158 841 ecferret
1184 768 1302 860 pedem

292 871 424 956 Medea,
452 871 561 940 animo
584 893 704 963 aegra,
732 872 846 941 amore
866 895 971 942 saeuo
994 873 1118 943 sancia.

187 1073 318 1123 sancia.⁹
355 1072 443 1123 Cicero
464 1070 702 1133 demutatam
727 1070 818 1122 ‘huius
835 1072 905 1123 modi
924 1083 962 1123 est
976 1074 1022 1123 illa
1035 1087 1136 1137 quoque
1151 1070 1300 1135 conquestio

189 1141 260 1208 [080.
277 1141 349 1207 2811.
377 1141 491 1208 Longius
504 1143 572 1191 enim
586 1142 695 1207 repetita
708 1149 758 1202 est,
777 1157 853 1206 quam
867 1157 908 1192 res
922 1143 1087 1208 postulabat!
1116 1142 1185 1192 Idem
1202 1141 1234 1191 de
1249 1147 1300 1189 nat.

189 1214 259 1262 deor.
281 1213 315 1261 ΠΙ
335 1211 383 1272 30,
403 1213 437 1263 75
457 1213 592 1260 ‘utinam
611 1212 703 1277 igitur,
730 1218 758 1260 ut
777 1212 841 1262 illa
860 1228 937 1262 anus
955 1221 1039 1279 optat,
1065 1228 1102 1262 ne
1124 1213 1154 1261 in
1174 1225 1303 1261 nemore

245 1282 371 1332 trabes'
399 1283 481 1332 Varro
497 1281 529 1330 de
541 1280 570 1330 L.
583 1279 613 1329 Ι..
631 1280 728 1332 V1133
743 1281 778 1331 Μ.
799 1282 851 1331 ‘sic
870 1283 966 1332 dictum
985 1297 1001 1331 a
1016 1282 1183 1346 quibusdam,
1204 1288 1232 1331 ut
1251 1295 1304 1329 una

188 1367 277 1412 canes,
294 1366 346 1401 una
364 1352 471 1419 trabes
489 1350 567 1400 remis
585 1357 695 1400 rostrata
712 1366 759 1417 per
776 1351 863 1401 altum.
896 1352 1006 1402 Ennius:
1030 1351 1099 1417 [080.
1116 1350 1200 1418 281].’
1233 1350 1303 1400 Pris-

188 1423 277 1471 cianus
293 1422 340 1472 VII
358 1437 385 1487 p.
398 1420 447 1471 751
461 1421 489 1470 Ρ.
514 1419 540 1486 (1
559 1435 586 1485 p.
600 1419 652 1470 318
664 1419 710 1486 K.)
734 1422 915 1471 ‘uetustissimi
932 1430 1016 1471 tamen
1035 1423 1145 1472 trabtes
1165 1436 1212 1488 pro
1233 1419 1303 1468 trabs

187 1490 359 1558 proferebant.
388 1490 486 1540 Ennius
503 1490 529 1538 in
546 1489 649 1539 Medea:
674 1488 749 1556 [080.
767 1488 853 1556 281].’
883 1491 971 1542 Cicero
989 1492 1079 1557 Topic.
1101 1492 1198 1552 10,οι
1222 1487 1303 1538 ‘illud

189 1562 257 1612 enim
287 1568 326 1612 est
353 1568 496 1624 tamquam:
529 1560 649 1609 utinam
674 1574 712 1610 ne
741 1561 772 1610 in
799 1576 926 1610 nemore
952 1561 1060 1611 Pelio)
1112 1559 1302 1628 (securibus

189 1646 287 1682 caesa
307 1630 483 1682 cecidisset
500 1629 538 1678 ad
556 1637 575 1677 t.
596 1629 705 1680 trabes
724 1631 785 1680 add.
803 1631 853 1680 duo
873 1630 954 1680 Oxou.
970 1646 1034 1680 unus
1049 1630 1127 1698 Sang.
1143 1627 1212 1697 mg.)
1231 1628 1301 1677 ‘Nisi

189 1702 257 1752 enim
275 1700 480 1751 accidissent
500 1699 662 1766 abiegnae
680 1700 718 1750 ad
735 1708 852 1750 terram
872 1701 997 1760 trabes,
1024 1703 1092 1766 Argo
1111 1701 1157 1751 illa
1170 1700 1238 1750 iacta
1253 1712 1302 1747 non

189 1779 269 1832 esset,
291 1786 339 1821 nec
352 1778 436 1822 tanmn
451 1769 500 1819 tuit
512 1771 538 1819 in
552 1770 585 1818 iis
598 1769 713 1820 trabibus
731 1770 860 1820 efficiendi
880 1772 920 1820 nis
937 1772 1101 1821 necessaria!
1132 1769 1302 1830 Quintilianus

189 1842 212 1891 V
229 1841 271 1902 10,
285 1840 320 1891 84
338 1842 419 1890 ‘recte
433 1848 518 1890 antem
530 1853 676 1901 monemur,
694 1854 785 1890 causas
797 1836 848 1890 riou
860 1842 948 1904 utique
962 1841 994 1889 ab
1011 1841 1101 1890 ultimo
1115 1855 1172 1891 esse
1186 1847 1303 1905 repeten-

190 1911 249 1973 das,
272 1919 300 1960 ut
319 1910 423 1972 Medea,
447 1909 571 1958 utinam
651 1909 757 1960 Pelio:
783 1910 856 1974 quasi
873 1925 935 1961 uero
953 1911 980 1960 id
999 1925 1055 1961 eam
1074 1909 1164 1960 lecerit
1182 1910 1302 1960 miseram

189 1988 232 2031 aut
245 1989 392 2040 nocentem,
412 1977 547 2042 quodillic
568 1978 728 2030 ceciderit
745 1980 886 2045 abiegna
905 1980 942 2030 ad
959 1987 977 2029 t.
992 1980 1122 2030 trabes!
1146 1981 1261 2029 Donatus
1275 1979 1301 2027 in

165 2074 176 2091 .
190 2051 248 2101 Ter.
261 2050 363 2115 Phopn.
379 2051 389 2099 l
404 2048 429 2110 3,
444 2051 460 2100 5
478 2052 565 2098 ‘uetus
580 2049 689 2100 elocutio
703 2051 824 2100 utinam
843 2064 887 2100 ne.
915 2050 1011 2100 Ennius
1024 2051 1049 2099 in
1062 2049 1166 2100 Medea:
1180 2050 1302 2099 utinam
1360 2111 1366 2118 ο

109 2144 118 2159 ·
191 2120 377 2170 ...trabes’
410 2120 489 2168 lulius
507 2119 596 2168 Victor
612 2135 635 2168 o.
655 2118 686 2169 la
704 2135 731 2185 p.
747 2118 798 2170 237
817 2118 859 2170 Or.
885 2123 942 2180 ‘ut‚
963 2121 991 2169 si
1012 2120 1043 2168 in
1064 2134 1192 2169 nemore
1210 2117 1302 2168 Pelio

188 2205 250 2241 non
269 2190 472 2239 cecidissent
491 2188 618 2248 trabes,
646 2188 696 2238 boo
714 2190 799 2240 scelus
817 2189 912 2239 iactum
926 2203 976 2238 non
993 2190 1079 2238 esset!
1108 2190 1197 2240 Cicero
1211 2189 1244 2239 dc
1257 2187 1300 2236 dn.

189 2261 249 2311 bon.
266 2269 290 2310 et
305 2259 365 2309 mal.
382 2261 392 2308 l
411 2260 470 2318 25
498 2258 571 2321 ‘quis
592 2260 659 2308 enim
683 2266 735 2308 tam
758 2260 876 2309 inimicus
899 2274 981 2325 paene
1002 2259 1100 2309 nomini
1117 2260 1232 2310 Romano
1254 2263 1302 2316 est,

189 2331 233 2393 qni
250 2330 315 2380 Enni
333 2327 449 2378 Medeam
472 2335 515 2376 aut
533 2327 671 2393 Antiopam
688 2328 784 2378 Pacuui
808 2336 912 2394 spernat
938 2336 981 2377 aut
1002 2329 1105 2389 reiciat,
1131 2329 1200 2392 quod
1218 2343 1246 2378 se
1264 2327 1301 2376 is·

190 2400 248 2449 dem
260 2398 393 2464 Euripidis
410 2397 505 2446 tabulis
524 2396 645 2445 delectari
665 2397 752 2446 dicati
768 2424 802 2435 —
816 2425 851 2434 —
872 2413 904 2447 an
923 2400 1046 2447 utinam
1066 2413 1104 2447 ne
1124 2400 1155 2447 in
1175 2410 1304 2447 nemore

77 2514 85 2520 .
189 2467 270 2518 nihilo
284 2469 369 2518 minus
386 2467 495 2533 legimus
509 2480 585 2528 quam
603 2466 653 2517 hoc
672 2467 741 2517 idem
754 2466 910 2517 Graecnmi'
936 2467 1084 2534 (nemore
1105 2467 1195 2518 Pelio
1212 2462 1304 2529 Leid.)

188 2539 358 2601 Hieronymus
379 2535 514 2586 Marcellae
533 2535 628 2586 uiduae
646 2536 761 2602 epitaph.
786 2553 813 2603 p.
834 2536 903 2589 1000
922 2537 1001 2603 Mign.
1027 2538 1134 2601 ‘quibus
1159 2537 1304 2587 rectissime

190 2608 255 2658 illud
274 2607 417 2657 Ennianum
437 2605 520 2671 aptari
539 2612 636 2669 potest:
669 2607 789 2658 utinam
805 2622 844 2657 ne
864 2608 895 2657 in
913 2622 1044 2656 nemore
1063 2608 1172 2657 Pelio!
1214 2606 1304 2656 Cicero

190 2678 266 2727 Taso.
284 2676 352 2740 disp.
369 2674 427 2725 120
438 2675 473 2725 45
492 2674 601 2723 ‘etenim
618 2676 642 2724 si
658 2691 724 2726 nuno
743 2677 842 2741 aliquid
859 2678 963 2739 assequi
981 2692 1009 2727 se
1023 2685 1126 2742 putant,
1146 2677 1190 2739 qui
1209 2677 1303 2725 ostium

189 2747 262 2797 Ponti
279 2744 392 2794 uiderint
411 2751 435 2793 et
452 2758 496 2793 eas
514 2746 660 2809 angustias,
676 2761 723 2812 per
743 2762 806 2810 quas
826 2747 969 2813 penetrauit
988 2761 1019 2796 ea
1036 2761 1101 2809 quae
1119 2752 1157 2796 cst
1174 2746 1304 2796 nominata

187 2870 400 2883 ——t

188 2950 298 3020 (dilecti
320 2949 390 3007 000.
413 2949 496 3022 neq.)
522 2949 574 3005 uiri
595 2949 677 3004 Vecti
698 2950 830 3021 petebant
853 2951 956 3020 pellem
977 2949 1033 3004 Cio.
1057 2948 1150 3013 Taso,
1175 2947 1305 3003 Holmisoe

189 3036 272 3092 Anat.
289 3035 360 3091 Tull.
374 3033 392 3090 1
405 3039 448 3095 16.
466 3051 536 3106 argo
551 3036 639 3106 (argu
658 3033 803 3103 Wuerzb.)
820 3049 876 3105 qua
898 3033 960 3103 (qui
984 3032 1113 3090 Wuerzb.
1130 3033 1196 3103 quia
1210 3032 1304 3100 Fra'a.)

188 3121 278 3194 argiui
297 3122 326 3176 in
340 3118 441 3178 eadem
457 3120 521 3175 lecti
538 3119 591 3174 uiri
607 3119 680 3174 necti
699 3121 831 3190 petebant
845 3119 948 3189 pellem
970 3118 1097 3174 Wuorcb.
1112 3117 1187 3174 Fris.
1211 3123 1238 3172 et
1250 3119 1306 3173 ma

188 3206 262 3278 quod
275 3205 375 3277 Argiui
454 3204 526 3259 neoti
540 3206 569 3258 in
583 3218 643 3259 ros.
658 3202 730 3259 Por.
751 3204 788 3260 A.
809 3219 865 3275 qua
885 3203 976 3274 argiui
1001 3203 1070 3272 (uiri
1092 3202 1158 3258 cdd.
1179 3218 1216 3256 m.
1239 3202 1304 3268 alt.)
1331 3202 1334 3207 '

188 3290 253 3347 lecti
268 3292 400 3361 petebant
413 3290 514 3359 pellem
529 3287 668 3343 Bombo.
691 3288 728 3344 A.
750 3304 805 3359 qua
825 3289 916 3359 argiui
938 3285 1032 3342 dilecti
1054 3287 1105 3342 uiri
1127 3287 1200 3343 neoti
1221 3292 1303 3357 pete·

188 3377 255 3431 bant
273 3376 375 3446 pellem
392 3373 491 3432 Bomb.
506 3371 532 3427 b.
553 3373 589 3428 Α.
607 3373 673 3444 quia
689 3373 781 3445 argiui
796 3374 826 3427 in
849 3372 949 3428 eadem
964 3373 1011 3427 lati
1027 3373 1080 3427 uiri
1090 3372 1230 3443 petebant
1243 3373 1305 3443 pel-

189 3461 243 3516 lem
261 3459 328 3515 Tur.
344 3458 380 3513 A.
397 3459 443 3529 qui
459 3458 550 3529 argiui
562 3457 590 3511 in
605 3473 639 3512 ea
654 3456 754 3514 delecti
769 3458 823 3512 uiri
836 3459 968 3528 petebant
981 3459 1084 3528 pellem
1098 3455 1167 3528 Ers.
1183 3456 1219 3511 A.
1236 3457 1304 3527 qnia

190 3545 281 3617 argiui
304 3544 368 3599 lecti
390 3543 443 3598 uiri
464 3543 595 3614 petebant
613 3542 717 3613 pellem
742 3543 785 3609 (ab
801 3558 854 3614 mo.
871 3543 936 3598 odd.
954 3543 1044 3609 illam)
1065 3539 1152 3612 Opitz.
1173 3541 1213 3596 ad
1229 3539 1302 3596 Her.

189 3629 224 3685 A.
244 3644 299 3700 qua
314 3627 385 3683 necti
401 3628 501 3698 Argiui
518 3625 619 3681 delecti
635 3627 687 3682 uiri
702 3627 836 3682 Petebant
852 3629 927 3681 illam
945 3629 1047 3698 pellem
1062 3625 1153 3682 Prisc.
1169 3625 1204 3681 de
1221 3631 1303 3682 metr.

193 3713 272 3781 Ter„
296 3713 368 3783 0010.
388 3711 427 3766 cd
438 3711 508 3767 Hor.
593 3715 646 3771 086
667 3711 743 3766 Pelei
760 3710 852 3767 Troos.
875 3713 963 3783 pelire
989 3710 1119 3768 Woerzb.
1135 3710 1175 3766 od
1187 3710 1260 3767 Her.

125 3868 129 3879 =
231 3799 283 3857 087
306 3813 355 3853 era
378 3795 441 3851 cdd.
465 3794 674 3868 01000οΙ010.
695 3795 880 3868 0οιοι00100,
907 3813 960 3852 om.
990 3794 1118 3853 Woerzb.
1136 3795 1175 3849 od
1187 3795 1260 3853 Her.

232 3882 316 3937 domo
328 3897 380 3938 om.
399 3880 528 3935 Wuerzb.
540 3879 579 3935 cd
588 3879 659 3935 Her.
745 3881 798 3937 hec
812 3881 896 3937 terret
906 3881 970 3937 cdd.
981 3882 1046 3954 aliq.
1058 3881 1092 3936 de
1101 3879 1172 3953 foto.
1187 3879 1305 3935 efferret

188 3967 299 4039 culpo·
354 3980 496 4036 nunquam
525 3964 595 4020 hera
622 3980 720 4020 errans
744 3981 808 4020 mea
827 3965 929 4021 medea
957 3965 1071 4021 efferret
1093 3966 1195 4035 pellem
1219 3964 1304 4021 domo

190 4051 288 4107 Bomb.
304 4050 330 4105 b.
346 4065 488 4120 nunquam
504 4065 554 4105 era
568 4064 667 4106 errans
711 4065 746 4105 ea
760 4055 851 4122 (bap.
867 4053 939 4118 lim')
955 4051 1056 4105 medea
1071 4047 1184 4106 efferret
1198 4049 1303 4120 pedem

189 4136 273 4192 domo
292 4134 379 4207 Opitz.
399 4149 540 4204 nunquam
561 4149 659 4190 errans
676 4067 779 4191 :deum
803 4134 918 4191 efferret
938 4136 1042 4207 pedem
1058 4134 1133 4189 Fris.
1158 4150 1302 4205 nunquam

187 4237 251 4277 mea
268 4237 368 4276 errans
383 4216 485 4274 medea
500 4217 615 4274 efferret
626 4218 729 4291 pedem
744 4219 829 4275 domo
848 4220 914 4279 Tur.
929 4221 968 4274 od
981 4220 1052 4275 Hor.
1140 4223 1193 4279 088
1214 4234 1304 4290 aegro

188 4305 252 4362 labri
270 4306 305 4361 de
322 4305 397 4379 foto,
427 4302 488 4358 cod.
501 4301 597 4375 Stepb.
614 4321 672 4376 pro
687 4302 760 4365 Cael.
850 4303 945 4360 Totam
962 4319 1075 4360 0000000
1090 4320 1144 4359 om.
1171 4301 1302 4361 Wuerzo.
