2834 4988
587 387 942 444 Tuncouolnnvn

661 553 857 626 efluunnx

752 691 766 761 1

308 867 316 881 .
370 865 379 880 .
431 809 587 894 stuliusl,
610 809 669 901 qui
686 808 797 900 cupita
818 810 957 901 cupiens
979 773 1149 901 cupienter
1167 808 1264 899 eupit.

742 943 772 1013 11

311 1065 379 1134 8ἐά
400 1063 507 1133 uirum
528 1062 651 1133 uirtute
671 1083 752 1132 uem
770 1063 887 1133 uiuere
908 1065 1084 1134 animatum
1108 1063 1254 1144 iddeeet,

307 1169 333 1237 F
335 1165 515 1260 brliterque
532 1162 556 1248 †
572 1166 742 1236 innoxium
758 1189 882 1236 uocare
897 1169 1074 1238 {iduersum
1096 1166 1317 1235 aduersurios

219 1282 282 1344 310
307 1272 367 1341 lia
383 1271 518 1341 libertas
534 1270 604 1354 est,
624 1269 680 1363 qui
697 1275 815 1361 pectus
831 1273 951 1362 purum
969 1276 1004 1341 et
1020 1272 1149 1340 firmum
1166 1269 1318 1362 gestitat:

307 1374 413 1444 'Aliae
434 1395 489 1444 res
510 1373 717 1444 obnoxiosae
738 1375 837 1445 noete
855 1375 889 1444 in
909 1375 1054 1445 obsceni
1071 1374 1182 1443 latent

742 1509 785 1579 111

306 1627 389 1698 Plus
408 1626 509 1699 miser
527 1627 606 1713 sim,
634 1628 667 1697 s1'
683 1628 860 1698 scelestum
881 1628 983 1697 iixim
1002 1625 1092 1720 quod
1110 1625 1216 1695 dicim
1235 1625 1318 1710 iore.

310 1921 692 1938 .......
742 1764 790 1938 {V
807 1869 867 1939 tuin
885 1846 1021 1958 potuisti
1042 1862 1200 1934 eredere?

718 2003 753 2073 V
766 2001 806 2040 *l

435 2161 443 2177 .
496 2131 606 2200 egone
625 2107 738 2179 ssiam?
753 2147 807 2160 —
828 2106 936 2198 pudor
956 2107 1008 2173 esi
1029 2100 1140 2193 eloqui
1155 2139 1207 2150 -
1222 2120 1320 2193 quam

869 2206 1014 2301 comperi
1035 2205 1110 2274 —?

738 2311 787 2381 Vl

223 2422 285 2483 345
313 2413 442 2503 [Melius
465 2415 603 2507 exacue]
627 2417 726 2508 itque
746 2436 865 2485 exerce
885 2413 1051 2506 linguam,
1079 2412 1117 2478 ui
1134 2404 1322 2498 arguldrier

310 2515 436 2586 Possis

209 2715 268 2764 nius
286 2716 312 2764 in
327 2715 443 2767 Nemee
457 2717 512 2765 ...’
536 2715 770 2786 (NeineuSeng.
789 2711 1015 2780 NemiaLugd.)
1033 2713 1236 2762 ‘Potesttamen
1257 2709 1323 2776 tigu-

209 2792 263 2834 rete
278 2784 327 2834 hoc
340 2785 552 2852 concordatum,
570 2797 597 2837 ut
609 2789 632 2837 si
647 2789 745 2839 dicem:
765 2787 853 2851 equile
866 2786 973 2836 meritus
987 2783 1029 2833 uei
1045 2797 1090 2832 rex
1107 2781 1212 2831 auium!

243 2854 372 2905 Puoslux
408 2855 532 2922 lNonius
545 2873 572 2923 p.
588 2856 632 2917 91,
648 2859 664 2908 7
684 2859 890 2924 ‘cupienter,
909 2853 1077 2921 cupidissime
1148 2851 1247 2905 Ennius
1259 2849 1323 2898 Foe-

209 2924 266 2974 ῐῐίθθ
287 2926 340 2974 ...’
410 2927 433 2975 11
458 2925 556 2976 Gellius
576 2928 624 2978 Vll
641 2929 673 2979 17
692 2927 739 2994 (de
758 2927 945 2993 significatione
963 2921 1096 2981 uocubufi,
1122 2920 1191 2984 qnod
1209 2926 1247 2970 est
1264 2918 1324 2968 ob·

210 2991 355 3058 noxius)
383 2997 448 3046 ‘iem
463 3010 525 3046 uero
538 2997 603 3048 illud
619 2999 696 3048 etiam
716 2996 746 3056 Q.
760 2997 836 3047 Ennii
919 2994 988 3058 quod
1009 2993 1098 3042 scribit
1109 2992 1135 3039 in
1150 2989 1279 3039 Phoenice
1296 2988 1322 3036 in

208 3063 280 3114 hisce
297 3065 427 3115 uersibus:
452 3066 499 3116 sed
518 3067 613 3117 uirum'
634 3085 657 3118 e.
677 3083 702 3131 q.
724 3083 746 3116 s.
818 3068 853 3117 111
880 3065 977 3115 Nonius
1000 3079 1027 3129 p.
1050 3061 1110 3120 507,
1127 3061 1160 3110 22
1189 3057 1216 3108 ‘i
1222 3058 1322 3117 exim,

209 3133 322 3184 fecerim.
353 3136 449 3186 Ennius
462 3136 623 3186 Fenice...'
642 3134 923 3203 (FoeuioeBemb.)
993 3131 1085 3182 iv.vt
1105 3129 1244 3194 Noniuep.
1261 3126 1323 3186 245,

208 3205 242 3255 27
264 3207 430 3271 ‘argutari
453 3205 547 3255 dicitur
564 3207 709 3271 loquacium
728 3220 776 3273 pro
793 3205 872 3269 loqui.
906 3203 1003 3254 Ennius
1025 3199 1185 3264 quoeuice
1207 3205 1272 3246 lum
1291 3204 1324 3245 tu

211 3316 417 3326 ———

211 3378 317 3433 bbrlsr.
339 3378 355 3435 b
377 3379 501 3436 Damnst.
523 3379 664 3437 Helberst.
687 3379 775 3452 belod
861 3382 914 3439 337
936 3378 1048 3434 stultust
1076 3374 1197 3431 Vossius.
1223 3371 1324 3428 stultus

210 3468 254 3517 est
268 3462 331 3518 libri
414 3464 508 3535 cupita
530 3463 561 3522 0.
582 3465 758 3522 Bibbeekius.
780 3463 885 3537 cupide
908 3463 974 3519 libri
1056 3463 1111 3520 338
1131 3460 1232 3514 uirtute
1253 3472 1325 3513 uera

210 3546 336 3601 Botbius.
356 3564 425 3602 uera
444 3549 544 3603 uirtute
560 3549 624 3603 libri
708 3548 828 3605 eddecel
843 3550 935 3622 bulbo.
951 3546 1055 3603 adiecit
1076 3544 1139 3601 Vnt.
1154 3543 1224 3616 1309.
1241 3540 1325 3597 ediec

211 3630 339 3686 Rottencl.
429 3636 482 3690 339
509 3633 630 3701 sortiter,
660 3651 714 3690 om.
738 3652 806 3706 que,
838 3633 966 3690 Rottend.
1053 3628 1198 3685 innoxium
1219 3641 1324 3683 uocare

210 3714 339 3770 Bottend.
361 3715 422 3775 Vol.
441 3717 585 3773 innoxium
604 3736 706 3775 uacare
722 3721 807 3774 ceteri
820 3718 892 3773 libri.
933 3717 1101 3773 Sententiam
1117 3712 1160 3769 bis
1175 3727 1246 3784 quae
1260 3716 1328 3768 utut

211 3806 306 3870 aperte
328 3817 455 3873 pugnare
482 3804 648 3875 sebnificauit
677 3804 708 3861 0.
731 3803 906 3860 Ribbeclcius.
943 3803 1089 3858 Fortasse:
1122 3799 1150 3853 in
1172 3797 1255 3852 noxis
1276 3812 1326 3851 ua-

212 3883 279 3938 dere
343 3885 495 3943 aduersiun
508 3888 635 3944 Rottend.
654 3889 716 3945 Vol.
729 3889 799 3962 Rey.
814 3887 954 3944 aduersus
965 3887 1049 3943 ceteri
1059 3885 1123 3940 libri
1204 3886 1256 3941 341
1274 3882 1326 3936 ob-

211 3970 347 4025 noxiosae
361 3972 512 4028 Acidaliae.
534 3975 654 4029 obnoxio
671 3994 702 4031 se
715 3975 784 4047 Req.
807 3973 943 4029 obnoxise
966 3970 1094 4028 Rottend.
1116 3967 1238 4024 obnoxie
1263 3965 1325 4021 Vot.

211 4056 349 4111 obnoxiae
365 4058 449 4113 ceteri
531 4063 583 4120 342
604 4061 656 4116 sim
671 4061 775 4118 Debeo.
792 4075 855 4114 sum
869 4058 933 4113 libri
1017 4052 1327 4112 manuductione

211 4138 379 4196 Mercerum.
402 4144 542 4199 seelestim
562 4136 627 4200 libri
710 4148 763 4205 343
784 4149 832 4198 tun
848 4141 963 4215 potuisti
984 4141 1014 4197 0.
1032 4137 1205 4197 Ribbeclcius.
1222 4145 1280 4192 lum
1297 4141 1327 4191 tu

212 4224 256 4280 isli
272 4224 336 4280 libri
418 4231 471 4288 344
492 4246 546 4301 ego
562 4247 598 4286 ne
613 4231 673 4287 cod.
692 4246 762 4301 ergo
778 4244 813 4282 ne
828 4228 872 4284 ed.
882 4245 933 4300 pr.
1019 4230 1072 4285 345
1093 4224 1195 4280 melius
1216 4237 1326 4279 exacue

213 4309 246 4367 0.
263 4309 440 4381 almatius,
463 4332 516 4371 om.
533 4315 597 4371 libri
681 4316 808 4387 linguam
822 4313 913 4370 Basil.
932 4313 1030 4385 lingua
1045 4311 1130 4367 ceteri
1144 4307 1207 4364 libri
