2834 4988
618 402 852 460 aunamvu

717 569 764 639 xi

286 690 364 761 Inde
383 692 444 760 sibi
460 696 636 776 memorat,
663 712 765 760 unum
789 711 891 782 super
909 713 987 760 esse
1005 691 1160 760 laborem.

684 843 746 913 XII
758 843 799 880 **

199 974 258 1036 166
286 967 396 1060 Atque
420 966 624 1057 gubernator
644 986 768 1057 magna
785 964 946 1035 contorsit
965 986 1071 1059 equos
1090 964 1134 1032 ui.

686 1117 760 1188 ΧΠ]
774 1116 790 1153 *

286 1240 421 1309 Somnia
443 1261 524 1310 uera
545 1239 686 1333 aliquot,
714 1261 830 1309 uerum
852 1239 962 1310 omnia
982 1262 1092 1309 noenu
1114 1242 1294 1308 necessest.

696 1393 777 1463 XIV

286 1511 420 1582 Caelum
443 1512 596 1602 suspexit
617 1513 721 1584 stellis
740 1513 945 1608 fulgentibus
964 1515 1086 1604 aptum

99 1720 104 1729 '
180 1715 277 1765 Ilorua
298 1716 324 1763 in
338 1713 436 1764 Palatio
455 1721 513 1764 aute
533 1713 656 1780 templum
672 1714 801 1782 Apollinis
824 1716 933 1775 dicitur,
959 1714 1005 1764 ubi
1019 1716 1133 1780 reposita
1147 1720 1206 1764 sunt
1230 1729 1294 1776 quae

181 1787 264 1836 solent
279 1786 338 1834 boui
353 1785 447 1835 ominis
459 1785 542 1850 gratia
555 1785 582 1833 in
598 1786 661 1835 urbe
677 1786 811 1837 mudenda
825 1786 959 1846 adhiberi,
979 1786 1040 1847 quia
1052 1800 1116 1836 saxo
1130 1786 1242 1834 munitus
1258 1793 1296 1833 est

182 1857 254 1905 initio
270 1856 295 1903 in
315 1855 427 1920 speciem
446 1854 604 1917 quadratam.
625 1857 680 1905 eius
701 1855 751 1906 Ioci
767 1857 864 1906 Ennius
894 1871 937 1904 ·m·
965 1871 1023 1904 cum
1045 1856 1093 1904 ait:
1119 1857 1157 1904 et'
1183 1871 1206 1904 e.
1227 1871 1251 1916 q.
1272 1869 1293 1902 s.

181 1926 262 1974 Ennio
285 1940 334 1974 nou
356 1933 423 1974 recte
441 1940 503 1973 usus
522 1933 561 1973 est
580 1925 684 1984 Festus,
713 1927 858 1990 siquidem
878 1934 953 1992 poeta
971 1926 1176 1988 antiquissimam
1194 1924 1294 1973 Romuli

181 1997 269 2045 urbem
290 1995 431 2061 significat:
463 2010 513 2057 qua
539 1994 571 2043 de
594 1995 656 2044 uide
674 1996 705 2045 H.
728 1995 842 2062 Magium
860 1997 886 2045 in
905 1994 976 2044 Grut.
996 1995 1086 2061 Lamp.
1108 1997 1131 2044 II
1156 1993 1223 2046 1386
1255 1993 1293 2044 cf.

181 2065 210 2116 0.
225 2065 363 2115 Muellerus
378 2064 475 2114 dereb.
490 2065 590 2113 Etrusc.
605 2066 629 2114 II
647 2065 696 2117 145
720 2064 749 2115 G.
762 2065 794 2114 A.
808 2066 937 2115 Beckerus
951 2063 1224 2127 Antiq.tt0m.1106
1248 2064 1296 2112 Hic

180 2137 258 2186 inseri
273 2137 342 2184 iubet
356 2135 390 2184 M.
408 2134 525 2183 Hertzius
541 2134 648 2183 Excurs.
665 2135 757 2200 philol.
774 2134 833 2185 elin⁴
848 2151 875 2200 p.
886 2136 920 2184 42
990 2134 1026 2183 XI
1046 2135 1144 2184 Gellius
1159 2136 1170 2183 1
1184 2136 1218 2184 ‘22
1237 2134 1295 2182 ‘sed

181 2207 325 2255 inuenimus
341 2207 366 2253 In
385 2206 458 2253 tertio
473 2204 538 2252 Enni
552 2205 682 2254 annalium
703 2206 729 2254 in
743 2205 793 2254 boc
812 2220 903 2255 uersu:
928 2204 1001 2253 iude'
1023 2221 1046 2253 e.
1061 2221 1085 2267 q.
1099 2221 1121 2254 s.
1144 2204 1188 2253 ‘id
1204 2212 1242 2253 est
1255 2219 1294 2252 re-

182 2278 276 2326 licuum
292 2290 348 2324 esse
363 2282 387 2323 et
401 2284 510 2324 restare:
537 2274 606 2336 quod
619 2276 722 2338 quidem
737 2274 821 2325 diuise
835 2274 1051 2341 pronuntiandum
1064 2284 1118 2334 est,
1142 2281 1230 2323 utnon
1245 2289 1295 2321 una

181 2345 383 2413 parentationis
407 2358 463 2393 esse
489 2344 607 2393 uideatur
632 2345 679 2396 sed
701 2344 785 2394 duae!
810 2344 863 2410 (in
885 2343 985 2394 tertio
1009 2359 1059 2394 om.
1079 2342 1197 2394 ilotteud.
1219 2343 1294 2392 euni

179 2417 239 2465 Vat.
259 2413 308 2464 e'ni
324 2413 441 2462 Rotteud.
467 2414 519 2462 eui
534 2411 608 2476 Pan)
677 2415 726 2465 XII
746 2414 877 2465 Charisius
899 2414 935 2463 IV
957 2429 983 2478 p.
1000 2414 1095 2464 244P.
1118 2413 1184 2479 (162
1204 2409 1294 2474 Liud.)

181 2484 367 2550 (metaphorae
388 2481 553 2545 communes)
580 2488 672 2546 ‘quem
695 2484 833 2534 admodum
859 2485 885 2533 in
903 2484 963 2533 naui
992 2485 1083 2550 aurIge
1105 2484 1199 2533 dicitur
1223 2491 1248 2531 et
1268 2483 1294 2530 iu

183 2568 258 2604 curru
272 2553 440 2618 grabemur,
459 2560 501 2601 ut:
520 2555 626 2618 magna'
642 2571 664 2604 e.
680 2571 704 2617 q.
718 2570 740 2604 s.
770 2554 866 2604 Eadem
881 2553 958 2603 habet
970 2554 1108 2603 Diomedes
1122 2555 1144 2602 II
1158 2569 1184 2618 p.
1200 2551 1249 2602 451
1264 2552 1292 2600 P.
1339 2587 1347 2593 .

181 2623 352 2684 Quintilianus
364 2623 424 2671 VIII
441 2621 467 2681 6,
479 2621 495 2673 a
512 2622 697 2689 (comparatio)
712 2628 785 2673 ‘curn
800 2626 826 2673 in
841 2624 918 2673 rebus
932 2623 1085 2673 animalibus
1097 2622 1168 2672 aliud
1181 2636 1227 2688 pro
1243 2620 1294 2671 alio

180 2695 297 2761 ponitur,
317 2701 344 2740 ut
357 2692 390 2742 tle
405 2694 544 2757 agitatore:
566 2695 721 2758 gubemator
786 2695 822 2742 ui.
840 2702 864 2743 et
880 2703 908 2742 ut
922 2694 1025 2743 Liuius'
1039 2709 1062 2742 e.
1075 2709 1100 2756 q.
1116 2709 1138 2742 s.
1172 2692 1294 2743 Claudius

180 2764 306 2814 Sacerdos
319 2764 329 2811 Ι
344 2777 371 2828 ρ.
383 2761 418 2813 43
427 2763 502 2812 Endl.
522 2763 687 2828 ‘metaphora
697 2791 730 2802 -
744 2763 775 2813 ab
791 2763 895 2812 animali
911 2763 945 2812 ad
958 2763 1082 2813 animale:
1098 2764 1186 2826 atque’
1200 2778 1223 2811 e.
1235 2777 1259 2824 q.
1270 2777 1292 2810 s.

180 2835 261 2884 IquIo
282 2848 384 2882 uersum
402 2840 461 2897 post
480 2833 499 2882 I.
513 2833 547 2882 M.
566 2832 706 2883 Gesnerum
723 2835 750 2882 iu
768 2833 825 2883 Iud.
845 2832 949 2892 Quintil.
972 2833 1114 2883 uindicauit
1133 2834 1164 2881 Α.
1182 2831 1293 2881 Kochius

179 2906 271 2955 Exere.
288 2904 343 2952 crit.
364 2917 390 2968 p.
406 2902 437 2952 ll
508 2903 570 2951 XIII
591 2903 679 2953 Cicero
701 2903 846 2957 destun
867 2903 911 2961 62,
934 2902 983 2952 127
1006 2903 1152 2966 ‘aliquot
1169 2903 1294 2952 somnia

180 2989 272 3032 uera,
292 2973 375 3035 inquit
388 2973 500 3029 Ennius,
520 2973 575 3023 sed
591 2975 696 3022 omnia
711 2987 772 3022 non
787 2981 838 3023 est
851 2974 1006 3022 necesse!
1036 2973 1091 3022 Huc
1104 2972 1200 3022 rettulit
1215 2972 1245 3020 H.
1262 2971 1293 3018 ΙΙ-

180 3045 293 3110 bergius.
331 3043 484 3108 Epicharmo
504 3043 602 3092 Merula
621 3059 647 3108 p.
666 3043 770 3106 LXXII,
790 3043 896 3109 tragicis
916 3042 981 3107 (inc.
1001 3057 1069 3092 nom.
1090 3041 1163 3106 LVI)
1181 3040 1211 3092 0.
1232 3042 1294 3090 itib-

180 3115 287 3166 beokius
297 3114 415 3171 ascribit3
431 3113 477 3162 sed
489 3112 523 3163 cl.
539 3113 647 3163 eundern
657 3113 690 3163 ad
703 3115 753 3163 inc.
768 3114 817 3161 ino.
828 3113 883 3162 fab.
894 3111 1001 3162 LXVIII
1072 3111 1134 3161 XIV
1150 3111 1292 3162 Macrobius

179 3184 234 3234 Sat.
245 3184 305 3233 Vll
326 3198 352 3249 p.
366 3182 417 3234 498
427 3184 483 3233 Ian.
506 3185 597 3233 ‘axem
613 3198 701 3233 umero
714 3191 821 3245 torquet
838 3182 920 3232 stellis
934 3181 1083 3232 ardentibus
1096 3189 1193 3248 aptum.
1216 3179 1291 3246 [Aen.

179 3256 215 3304 IV
227 3253 289 3319 482]
315 3254 412 3303 Ennius
433 3254 459 3302 iu
481 3255 579 3318 primo:
608 3251 727 3317 [XXVII]
750 3261 775 3302 et
789 3254 815 3302 iu
830 3253 918 3302 tertio:
945 3251 1044 3302 caelum
1125 3260 1213 3316 aptum
1229 3259 1253 3300 et
1267 3251 1293 3298 in

179 3325 293 3375 decimo:
319 3323 378 3373 hino
398 3338 449 3373 uox
470 3324 654 3389 processit’
678 3339 700 3373 e.
715 3339 740 3386 q.
755 3338 777 3372 s.
804 3321 856 3389 (iu
875 3323 938 3382 111⁰,
963 3321 1186 3383 omassum).
1207 3328 1239 3370 et
1260 3321 1293 3369 iu

169 3469 380 3481 .....-.-—--

178 3554 238 3603 erat
252 3549 313 3604 cod.
335 3547 445 3618 etquis
468 3563 499 3600 se
516 3552 611 3616 sperat
626 3546 787 3605 Salmasius.
813 3552 840 3602 et
861 3549 908 3618 qui
931 3565 962 3603 se
984 3554 1079 3619 sperat
1096 3547 1126 3605 0.
1142 3546 1293 3603 Muellerus

263 3638 314 3692 169
330 3646 490 3703 superesse
510 3630 572 3686 Vut.
592 3648 677 3701 super
691 3649 745 3686 om.
757 3631 828 3686 Pur.
851 3650 1002 3704 superesse
1020 3636 1105 3690 ceteri
1189 3636 1240 3691 166
1254 3638 1293 3684 at-

73 3782 78 3793 ,
178 3734 232 3789 que
254 3716 393 3773 Claudius.
417 3731 535 3786 eumque
557 3714 717 3782 Diomedes,
739 3733 792 3772 ocu.
816 3717 961 3774 Clariuus
980 3725 1006 3772 et
1027 3718 1209 3785 Qatntttiuuus

177 3818 280 3874 magno
296 3802 384 3858 Dium.
471 3816 574 3871 equum
587 3802 616 3856 ui
632 3802 692 3868 (uia
708 3810 737 3857 ut
754 3801 823 3857 Tur.
837 3803 942 3876 Getelf.)
959 3802 1068 3869 Qatnttt.
1082 3819 1165 3874 equo,
1182 3818 1235 3856 om.
1254 3802 1290 3867 ui,

177 3887 268 3943 Dlom.
354 3903 392 3942 ru.
407 3902 432 3940 e.
449 3904 475 3940 e.
492 3886 519 3940 ui
535 3888 704 3957 gubernator
717 3885 802 3944 Char.
914 3893 961 3946 161
978 3889 1088 3942 somnia
1104 3903 1173 3943 uera
1188 3887 1293 3956 aliquot

175 3972 214 4028 Η.
229 3971 373 4045 Ilberplus.
394 3973 499 4042 aliquot
516 3972 626 4026 somnta
647 3987 713 4026 uera
733 3972 828 4028 Cicero
913 3988 1011 4027 uerum
1025 3972 1062 4028 H.
1078 3973 1223 4043 Ilberptus.
1239 3970 1292 4026 sed

176 4057 272 4114 Cicero
358 4072 451 4110 noenu
472 4071 591 4110 necesse
608 4056 647 4112 Η.
663 4055 807 4128 Ilberptus.
829 4072 887 4111 uon
907 4062 950 4112 est
970 4074 1090 4113 necesse
1107 4057 1217 4123 Cicero,
1239 4058 1294 4111 nui

176 4143 250 4215 quod
263 4158 319 4198 non
335 4158 454 4196 necesse
470 4145 513 4194 est
527 4155 599 4195 unus
613 4141 822 4197 eodeaMoserr'.
839 4144 944 4214 aliquot
959 4149 1023 4198 suut
1040 4160 1108 4198 nera
1124 4141 1244 4206 somnia,
1264 4147 1292 4195 at

177 4244 232 4284 uon
249 4228 345 4283 omnia
364 4231 407 4279 est
421 4240 539 4280 necesse
553 4225 626 4281 siue.-
649 4227 743 4282 omnia
761 4242 826 4281 esse
843 4243 899 4283 non
915 4229 1063 4283 necessest
1079 4227 1109 4283 O.
1126 4224 1292 4281 Ribbeclct‘us

284 4317 335 4373 161
356 4309 503 4385 prospexit
521 4307 585 4366 ttlrt

74 4490 288 4688 Λ
