<?xml version="1.0" encoding="UTF-8"?>
<!DOCTYPE html PUBLIC "-//W3C//DTD XHTML 1.0 Transitional//EN"
    "http://www.w3.org/TR/xhtml1/DTD/xhtml1-transitional.dtd">
<html xmlns="http://www.w3.org/1999/xhtml" xml:lang="en" lang="en">
 <head>
  <title>
</title>
<meta http-equiv="Content-Type" content="text/html;charset=utf-8" />
  <meta name='ocr-system' content='tesseract 3.04.00' />
  <meta name='ocr-capabilities' content='ocr_page ocr_carea ocr_par ocr_line ocrx_word'/>
</head>
<body>
  <div class='ocr_page' id='page_1' title='image "./ennicanpoesisre00ennigoog_0263.png"; bbox 0 0 2834 4988; ppageno 0'>
   <div class='ocr_carea' id='block_1_1' title="bbox 171 392 858 460">
    <p class='ocr_par' dir='ltr' id='par_1_1' title="bbox 171 392 858 460">
     <span class='ocr_line' id='line_1_1' title="bbox 171 392 858 460; baseline 0.001 -1"><span class='ocrx_word' id='word_1_1' title='bbox 171 395 232 460; x_wconf 83' lang='lat'>160</span> <span class='ocrx_word' id='word_1_2' title='bbox 329 392 332 398; x_wconf 42' lang='lat'><strong>¹</strong></span> <span class='ocrx_word' id='word_1_3' title='bbox 583 402 858 460; x_wconf 81' lang='lat' dir='ltr'><strong>SATVRARVM</strong></span> 
     </span>
    </p>
   </div>
   <div class='ocr_carea' id='block_1_2' title="bbox 161 508 1390 4364">
    <p class='ocr_par' dir='ltr' id='par_1_2' title="bbox 161 508 1390 4364">
     <span class='ocr_line' id='line_1_2' title="bbox 1298 508 1317 535; baseline 0 0"><span class='ocrx_word' id='word_1_4' title='bbox 1298 508 1317 535; x_wconf 68' lang='grc' dir='ltr'><em>Ο</em></span> 
     </span>
     <span class='ocr_line' id='line_1_3' title="bbox 168 516 1356 683; baseline 0.002 -43"><span class='ocrx_word' id='word_1_5' title='bbox 168 571 296 658; x_wconf 91' lang='lat' dir='ltr'>uiores;</span> <span class='ocrx_word' id='word_1_6' title='bbox 324 574 500 661; x_wconf 89' lang='lat' dir='ltr'>propterea</span> <span class='ocrx_word' id='word_1_7' title='bbox 517 570 688 640; x_wconf 86' lang='lat' dir='ltr'>frumentis</span> <span class='ocrx_word' id='word_1_8' title='bbox 708 571 963 641; x_wconf 84' lang='lat' dir='ltr'>flavescentibus</span> <span class='ocrx_word' id='word_1_9' title='bbox 981 571 1062 662; x_wconf 86' lang='lat' dir='ltr'>pulli</span> <span class='ocrx_word' id='word_1_10' title='bbox 1084 574 1181 643; x_wconf 89' lang='lat' dir='ltr'>etiam</span> <span class='ocrx_word' id='word_1_11' title='bbox 1201 516 1356 683; x_wconf 51' lang='lat' dir='ltr'>tunc!</span> 
     </span>
     <span class='ocr_line' id='line_1_4' title="bbox 168 672 1280 769; baseline 0.003 -26"><span class='ocrx_word' id='word_1_12' title='bbox 168 674 356 743; x_wconf 89' lang='lat' dir='ltr'>inuotucres</span> <span class='ocrx_word' id='word_1_13' title='bbox 377 676 479 743; x_wconf 87' lang='lat' dir='ltr'>erant.</span> <span class='ocrx_word' id='word_1_14' title='bbox 522 673 607 742; x_wconf 86' lang='lat' dir='ltr'>Dum</span> <span class='ocrx_word' id='word_1_15' title='bbox 629 672 731 765; x_wconf 83' lang='lat' dir='ltr'>igitur</span> <span class='ocrx_word' id='word_1_16' title='bbox 750 674 824 765; x_wconf 90' lang='lat' dir='ltr'>ipsa</span> <span class='ocrx_word' id='word_1_17' title='bbox 844 675 906 744; x_wconf 88' lang='lat' dir='ltr'>iret</span> <span class='ocrx_word' id='word_1_18' title='bbox 927 675 1033 744; x_wconf 90' lang='lat' dir='ltr'>cibum</span> <span class='ocrx_word' id='word_1_19' title='bbox 1055 676 1154 766; x_wconf 86' lang='lat' dir='ltr'>pullis</span> <span class='ocrx_word' id='word_1_20' title='bbox 1171 700 1280 769; x_wconf 92' lang='lat' dir='ltr'>quae-</span> 
     </span>
     <span class='ocr_line' id='line_1_5' title="bbox 161 776 1281 868; baseline 0.001 -22"><span class='ocrx_word' id='word_1_21' title='bbox 161 778 282 861; x_wconf 85' lang='lat' dir='ltr'>situm,</span> <span class='ocrx_word' id='word_1_22' title='bbox 318 781 430 845; x_wconf 92' lang='lat' dir='ltr'>monet</span> <span class='ocrx_word' id='word_1_23' title='bbox 458 797 533 860; x_wconf 91' lang='lat' dir='ltr'>eos,</span> <span class='ocrx_word' id='word_1_24' title='bbox 575 779 625 859; x_wconf 91' lang='lat' dir='ltr'>ut,</span> <span class='ocrx_word' id='word_1_25' title='bbox 667 777 696 844; x_wconf 91' lang='lat' dir='ltr'>si</span> <span class='ocrx_word' id='word_1_26' title='bbox 722 777 800 868; x_wconf 91' lang='lat' dir='ltr'>quid</span> <span class='ocrx_word' id='word_1_27' title='bbox 824 776 868 846; x_wconf 93' lang='lat' dir='ltr'>ibi</span> <span class='ocrx_word' id='word_1_28' title='bbox 895 777 942 845; x_wconf 88' lang='lat' dir='ltr'>rei</span> <span class='ocrx_word' id='word_1_29' title='bbox 971 799 1079 848; x_wconf 90' lang='lat' dir='ltr'>nouae</span> <span class='ocrx_word' id='word_1_30' title='bbox 1102 779 1196 849; x_wconf 84' lang='lat' dir='ltr'>tieret</span> <span class='ocrx_word' id='word_1_31' title='bbox 1224 780 1281 849; x_wconf 93' lang='lat' dir='ltr'>di-</span> 
     </span>
     <span class='ocr_line' id='line_1_6' title="bbox 167 879 1337 972; baseline 0.005 -23"><span class='ocrx_word' id='word_1_32' title='bbox 167 883 356 963; x_wconf 89' lang='lat' dir='ltr'>cereturue‚</span> <span class='ocrx_word' id='word_1_33' title='bbox 392 879 688 948; x_wconf 90' lang='lat' dir='ltr'>animaduerterent</span> <span class='ocrx_word' id='word_1_34' title='bbox 718 879 817 972; x_wconf 90' lang='lat' dir='ltr'>idque</span> <span class='ocrx_word' id='word_1_35' title='bbox 848 880 895 948; x_wconf 92' lang='lat' dir='ltr'>uti</span> <span class='ocrx_word' id='word_1_36' title='bbox 923 881 1000 965; x_wconf 87' lang='lat' dir='ltr'>sibi,</span> <span class='ocrx_word' id='word_1_37' title='bbox 1036 881 1092 950; x_wconf 92' lang='lat' dir='ltr'>ubi</span> <span class='ocrx_word' id='word_1_38' title='bbox 1125 882 1279 966; x_wconf 78' lang='lat' dir='ltr'>redisset,</span> <span class='ocrx_word' id='word_1_39' title='bbox 1333 953 1337 957; x_wconf 76' lang='grc'>,</span> 
     </span>
     <span class='ocr_line' id='line_1_7' title="bbox 168 980 1281 1074; baseline 0.001 -22"><span class='ocrx_word' id='word_1_40' title='bbox 168 983 362 1052; x_wconf 78' lang='lat' dir='ltr'>nuntiarent.</span> <span class='ocrx_word' id='word_1_41' title='bbox 416 980 576 1051; x_wconf 87' lang='lat' dir='ltr'>Dominus</span> <span class='ocrx_word' id='word_1_42' title='bbox 598 986 716 1072; x_wconf 88' lang='lat' dir='ltr'>postea</span> <span class='ocrx_word' id='word_1_43' title='bbox 740 986 891 1074; x_wconf 88' lang='lat' dir='ltr'>segetum</span> <span class='ocrx_word' id='word_1_44' title='bbox 914 983 1043 1052; x_wconf 90' lang='lat' dir='ltr'>illarum</span> <span class='ocrx_word' id='word_1_45' title='bbox 1066 983 1169 1053; x_wconf 85' lang='lat' dir='ltr'>filium</span> <span class='ocrx_word' id='word_1_46' title='bbox 1190 986 1281 1054; x_wconf 90' lang='lat' dir='ltr'>adu-</span> 
     </span>
     <span class='ocr_line' id='line_1_8' title="bbox 170 1084 1279 1176; baseline 0.002 -22"><span class='ocrx_word' id='word_1_47' title='bbox 170 1086 346 1154; x_wconf 84' lang='lat' dir='ltr'>lescentem</span> <span class='ocrx_word' id='word_1_48' title='bbox 363 1093 475 1169; x_wconf 85' lang='lat' dir='ltr'>uocat,</span> <span class='ocrx_word' id='word_1_49' title='bbox 496 1088 543 1153; x_wconf 91' lang='lat' dir='ltr'>et:</span> <span class='ocrx_word' id='word_1_50' title='bbox 567 1084 767 1169; x_wconf 84' lang='lat' dir='ltr'>“uidesne”,</span> <span class='ocrx_word' id='word_1_51' title='bbox 788 1085 908 1176; x_wconf 90' lang='lat' dir='ltr'>inquit,</span> <span class='ocrx_word' id='word_1_52' title='bbox 931 1085 1041 1155; x_wconf 85' lang='lat' dir='ltr'>“haec</span> <span class='ocrx_word' id='word_1_53' title='bbox 1060 1088 1279 1156; x_wconf 83' lang='lat' dir='ltr'><strong>ematuruisse</strong></span> 
     </span>
     <span class='ocr_line' id='line_1_9' title="bbox 164 1186 1278 1280; baseline 0.001 -23"><span class='ocrx_word' id='word_1_54' title='bbox 164 1194 202 1258; x_wconf 89' lang='lat' dir='ltr'>et</span> <span class='ocrx_word' id='word_1_55' title='bbox 220 1210 336 1256; x_wconf 91' lang='lat' dir='ltr'>manus</span> <span class='ocrx_word' id='word_1_56' title='bbox 362 1188 425 1255; x_wconf 91' lang='lat' dir='ltr'>iam</span> <span class='ocrx_word' id='word_1_57' title='bbox 445 1187 639 1278; x_wconf 81' lang='lat' dir='ltr'>postutare?</span> <span class='ocrx_word' id='word_1_58' title='bbox 672 1186 793 1257; x_wconf 92' lang='lat' dir='ltr'>idcirco</span> <span class='ocrx_word' id='word_1_59' title='bbox 811 1188 866 1256; x_wconf 93' lang='lat' dir='ltr'>die</span> <span class='ocrx_word' id='word_1_60' title='bbox 885 1190 1033 1273; x_wconf 88' lang='lat' dir='ltr'>crastini,</span> <span class='ocrx_word' id='word_1_61' title='bbox 1061 1190 1117 1258; x_wconf 90' lang='lat' dir='ltr'>ubi</span> <span class='ocrx_word' id='word_1_62' title='bbox 1138 1190 1278 1280; x_wconf 92' lang='lat' dir='ltr'>primum</span> 
     </span>
     <span class='ocr_line' id='line_1_10' title="bbox 170 1277 1279 1384; baseline 0.001 -24"><span class='ocrx_word' id='word_1_63' title='bbox 170 1290 375 1374; x_wconf 89' lang='lat' dir='ltr'>diluculabit,</span> <span class='ocrx_word' id='word_1_64' title='bbox 406 1292 458 1360; x_wconf 86' lang='lat' dir='ltr'>iac</span> <span class='ocrx_word' id='word_1_65' title='bbox 481 1291 604 1359; x_wconf 91' lang='lat' dir='ltr'>amicos</span> <span class='ocrx_word' id='word_1_66' title='bbox 628 1312 685 1360; x_wconf 90' lang='lat' dir='ltr'>eas</span> <span class='ocrx_word' id='word_1_67' title='bbox 712 1293 744 1358; x_wconf 88' lang='lat' dir='ltr'>et</span> <span class='ocrx_word' id='word_1_68' title='bbox 769 1312 889 1382; x_wconf 83' lang='lat' dir='ltr'>roges,</span> <span class='ocrx_word' id='word_1_69' title='bbox 921 1292 1055 1360; x_wconf 90' lang='lat' dir='ltr'>ueniant</span> <span class='ocrx_word' id='word_1_70' title='bbox 1078 1277 1279 1384; x_wconf 82' lang='lat' dir='ltr'>operamque</span> 
     </span>
     <span class='ocr_line' id='line_1_11' title="bbox 170 1392 1279 1464; baseline 0 0"><span class='ocrx_word' id='word_1_71' title='bbox 170 1398 316 1464; x_wconf 91' lang='lat' dir='ltr'>mutuam</span> <span class='ocrx_word' id='word_1_72' title='bbox 337 1394 415 1463; x_wconf 90' lang='lat' dir='ltr'>dent</span> <span class='ocrx_word' id='word_1_73' title='bbox 439 1399 471 1463; x_wconf 90' lang='lat' dir='ltr'>et</span> <span class='ocrx_word' id='word_1_74' title='bbox 494 1393 625 1462; x_wconf 87' lang='lat' dir='ltr'>messim</span> <span class='ocrx_word' id='word_1_75' title='bbox 651 1392 735 1463; x_wconf 89' lang='lat' dir='ltr'>hanc</span> <span class='ocrx_word' id='word_1_76' title='bbox 756 1393 852 1462; x_wconf 92' lang='lat' dir='ltr'>nobis</span> <span class='ocrx_word' id='word_1_77' title='bbox 881 1393 1067 1463; x_wconf 86' lang='lat' dir='ltr'>adiuuent.’&#39;</span> <span class='ocrx_word' id='word_1_78' title='bbox 1108 1395 1199 1464; x_wconf 87' lang='lat' dir='ltr'>Haec</span> <span class='ocrx_word' id='word_1_79' title='bbox 1222 1396 1279 1464; x_wconf 89' lang='lat' dir='ltr'>ubi</span> 
     </span>
     <span class='ocr_line' id='line_1_12' title="bbox 169 1496 1278 1588; baseline -0.001 -22"><span class='ocrx_word' id='word_1_80' title='bbox 169 1498 224 1568; x_wconf 89' lang='lat' dir='ltr'>ille</span> <span class='ocrx_word' id='word_1_81' title='bbox 252 1497 349 1581; x_wconf 85' lang='lat' dir='ltr'>dixit,</span> <span class='ocrx_word' id='word_1_82' title='bbox 383 1501 416 1564; x_wconf 89' lang='lat' dir='ltr'>et</span> <span class='ocrx_word' id='word_1_83' title='bbox 446 1496 607 1565; x_wconf 83' lang='lat' dir='ltr'><strong>discessit.</strong></span> <span class='ocrx_word' id='word_1_84' title='bbox 661 1496 771 1588; x_wconf 82' lang='lat' dir='ltr'>Atque</span> <span class='ocrx_word' id='word_1_85' title='bbox 804 1497 859 1564; x_wconf 90' lang='lat' dir='ltr'>ubi</span> <span class='ocrx_word' id='word_1_86' title='bbox 896 1497 990 1566; x_wconf 90' lang='lat' dir='ltr'>rediit</span> <span class='ocrx_word' id='word_1_87' title='bbox 1018 1498 1154 1582; x_wconf 90' lang='lat' dir='ltr'>cassita,</span> <span class='ocrx_word' id='word_1_88' title='bbox 1198 1498 1278 1588; x_wconf 82' lang='lat' dir='ltr'>pulli</span> 
     </span>
     <span class='ocr_line' id='line_1_13' title="bbox 169 1599 1280 1692; baseline -0.002 -22"><span class='ocrx_word' id='word_1_89' title='bbox 169 1599 381 1684; x_wconf 87' lang='lat' dir='ltr'>tremibundi,</span> <span class='ocrx_word' id='word_1_90' title='bbox 408 1599 559 1690; x_wconf 70' lang='lat' dir='ltr'>trepiduli</span> <span class='ocrx_word' id='word_1_91' title='bbox 584 1599 854 1688; x_wconf 80' lang='lat' dir='ltr'>circumstrepere</span> <span class='ocrx_word' id='word_1_92' title='bbox 872 1618 1034 1692; x_wconf 86' lang='lat' dir='ltr'>orareque</span> <span class='ocrx_word' id='word_1_93' title='bbox 1059 1605 1210 1685; x_wconf 88' lang='lat' dir='ltr'>matrem,</span> <span class='ocrx_word' id='word_1_94' title='bbox 1243 1606 1280 1668; x_wconf 95' lang='lat' dir='ltr'>ut</span> 
     </span>
     <span class='ocr_line' id='line_1_14' title="bbox 170 1701 1279 1793; baseline 0 -21"><span class='ocrx_word' id='word_1_95' title='bbox 170 1705 234 1774; x_wconf 92' lang='lat' dir='ltr'>iam</span> <span class='ocrx_word' id='word_1_96' title='bbox 249 1703 357 1772; x_wconf 87' lang='lat' dir='ltr'>statim</span> <span class='ocrx_word' id='word_1_97' title='bbox 370 1707 525 1793; x_wconf 84' lang='lat' dir='ltr'>properet</span> <span class='ocrx_word' id='word_1_98' title='bbox 541 1702 639 1793; x_wconf 92' lang='lat' dir='ltr'>inque</span> <span class='ocrx_word' id='word_1_99' title='bbox 658 1701 756 1770; x_wconf 86' lang='lat' dir='ltr'>alium</span> <span class='ocrx_word' id='word_1_100' title='bbox 770 1702 878 1770; x_wconf 91' lang='lat' dir='ltr'>locum</span> <span class='ocrx_word' id='word_1_101' title='bbox 893 1724 969 1771; x_wconf 92' lang='lat' dir='ltr'>sese</span> <span class='ocrx_word' id='word_1_102' title='bbox 987 1707 1149 1793; x_wconf 85' lang='lat' dir='ltr'>asportet:</span> <span class='ocrx_word' id='word_1_103' title='bbox 1175 1710 1279 1772; x_wconf 89' lang='lat' dir='ltr'>“nam</span> 
     </span>
     <span class='ocr_line' id='line_1_15' title="bbox 171 1805 1292 1898; baseline -0.002 -22"><span class='ocrx_word' id='word_1_104' title='bbox 171 1805 357 1890; x_wconf 91' lang='lat' dir='ltr'>dominus”,</span> <span class='ocrx_word' id='word_1_105' title='bbox 387 1806 552 1898; x_wconf 88' lang='lat' dir='ltr'>inquiunt,</span> <span class='ocrx_word' id='word_1_106' title='bbox 584 1805 714 1889; x_wconf 90' lang='lat' dir='ltr'>“misit‚</span> <span class='ocrx_word' id='word_1_107' title='bbox 748 1805 804 1897; x_wconf 93' lang='lat' dir='ltr'>qui</span> <span class='ocrx_word' id='word_1_108' title='bbox 831 1805 954 1875; x_wconf 91' lang='lat' dir='ltr'>amicos</span> <span class='ocrx_word' id='word_1_109' title='bbox 981 1814 1095 1898; x_wconf 83' lang='lat' dir='ltr'>roget,</span> <span class='ocrx_word' id='word_1_110' title='bbox 1129 1808 1175 1875; x_wconf 96' lang='lat' dir='ltr'>uti</span> <span class='ocrx_word' id='word_1_111' title='bbox 1206 1807 1292 1875; x_wconf 87' lang='lat' dir='ltr'>luce‘</span> 
     </span>
     <span class='ocr_line' id='line_1_16' title="bbox 172 1907 1278 1982; baseline -0.004 0"><span class='ocrx_word' id='word_1_112' title='bbox 172 1911 297 1982; x_wconf 91' lang='lat' dir='ltr'>oriente</span> <span class='ocrx_word' id='word_1_113' title='bbox 321 1909 454 1978; x_wconf 87' lang='lat' dir='ltr'>ueniant</span> <span class='ocrx_word' id='word_1_114' title='bbox 477 1912 509 1978; x_wconf 95' lang='lat' dir='ltr'>et</span> <span class='ocrx_word' id='word_1_115' title='bbox 533 1909 684 1977; x_wconf 90' lang='lat' dir='ltr'>metant.&#39;’</span> <span class='ocrx_word' id='word_1_116' title='bbox 720 1907 824 1978; x_wconf 90' lang='lat' dir='ltr'>Mater</span> <span class='ocrx_word' id='word_1_117' title='bbox 841 1908 930 1977; x_wconf 88' lang='lat' dir='ltr'>iubet</span> <span class='ocrx_word' id='word_1_118' title='bbox 953 1922 1022 1978; x_wconf 86' lang='lat' dir='ltr'>eos·</span> <span class='ocrx_word' id='word_1_119' title='bbox 1037 1910 1150 1979; x_wconf 89' lang='lat' dir='ltr'>otioso</span> <span class='ocrx_word' id='word_1_120' title='bbox 1169 1909 1278 1978; x_wconf 92' lang='lat' dir='ltr'>animo</span> 
     </span>
     <span class='ocr_line' id='line_1_17' title="bbox 171 2010 1279 2104; baseline -0.001 -21"><span class='ocrx_word' id='word_1_121' title='bbox 171 2036 263 2084; x_wconf 90' lang='lat' dir='ltr'>esse:</span> <span class='ocrx_word' id='word_1_122' title='bbox 305 2013 362 2082; x_wconf 89' lang='lat' dir='ltr'>“si</span> <span class='ocrx_word' id='word_1_123' title='bbox 391 2012 476 2081; x_wconf 91' lang='lat' dir='ltr'>enim</span> <span class='ocrx_word' id='word_1_124' title='bbox 510 2010 696 2095; x_wconf 89' lang='lat' dir='ltr'>dominus&#39;’,</span> <span class='ocrx_word' id='word_1_125' title='bbox 734 2011 854 2104; x_wconf 91' lang='lat' dir='ltr'>inquit,</span> <span class='ocrx_word' id='word_1_126' title='bbox 888 2011 1050 2081; x_wconf 89' lang='lat' dir='ltr'>“messim</span> <span class='ocrx_word' id='word_1_127' title='bbox 1083 2012 1124 2081; x_wconf 94' lang='lat' dir='ltr'>ad</span> <span class='ocrx_word' id='word_1_128' title='bbox 1155 2013 1279 2083; x_wconf 91' lang='lat' dir='ltr'>amicos</span> 
     </span>
     <span class='ocr_line' id='line_1_18' title="bbox 170 2116 1278 2207; baseline -0.003 -21"><span class='ocrx_word' id='word_1_129' title='bbox 170 2117 276 2202; x_wconf 89' lang='lat' dir='ltr'>reicit,</span> <span class='ocrx_word' id='word_1_130' title='bbox 316 2116 459 2186; x_wconf 91' lang='lat' dir='ltr'>crastino</span> <span class='ocrx_word' id='word_1_131' title='bbox 486 2136 588 2207; x_wconf 86' lang='lat' dir='ltr'>seges</span> <span class='ocrx_word' id='word_1_132' title='bbox 618 2137 684 2184; x_wconf 93' lang='lat' dir='ltr'>non</span> <span class='ocrx_word' id='word_1_133' title='bbox 708 2117 847 2184; x_wconf 90' lang='lat' dir='ltr'>metetur</span> <span class='ocrx_word' id='word_1_134' title='bbox 875 2137 983 2207; x_wconf 92' lang='lat' dir='ltr'>neque</span> <span class='ocrx_word' id='word_1_135' title='bbox 1009 2136 1183 2195; x_wconf 85' lang='lat' dir='ltr'>necessum</span> <span class='ocrx_word' id='word_1_136' title='bbox 1216 2121 1278 2200; x_wconf 89' lang='lat' dir='ltr'>est,</span> 
     </span>
     <span class='ocr_line' id='line_1_19' title="bbox 170 2216 1280 2311; baseline -0.002 -23"><span class='ocrx_word' id='word_1_137' title='bbox 170 2220 268 2290; x_wconf 89' lang='lat' dir='ltr'>hodie</span> <span class='ocrx_word' id='word_1_138' title='bbox 298 2220 341 2288; x_wconf 91' lang='lat' dir='ltr'>uti</span> <span class='ocrx_word' id='word_1_139' title='bbox 369 2242 432 2288; x_wconf 94' lang='lat' dir='ltr'>uos</span> <span class='ocrx_word' id='word_1_140' title='bbox 461 2217 636 2288; x_wconf 82' lang='lat' dir='ltr'>auferam.&#39;’</span> <span class='ocrx_word' id='word_1_141' title='bbox 672 2216 773 2302; x_wconf 88' lang='lat' dir='ltr'>‘Die&#39;‚</span> <span class='ocrx_word' id='word_1_142' title='bbox 803 2217 922 2311; x_wconf 90' lang='lat' dir='ltr'>inquit,</span> <span class='ocrx_word' id='word_1_143' title='bbox 951 2222 1102 2309; x_wconf 87' lang='lat' dir='ltr'>‘postero</span> <span class='ocrx_word' id='word_1_144' title='bbox 1121 2223 1224 2288; x_wconf 89' lang='lat' dir='ltr'>mater</span> <span class='ocrx_word' id='word_1_145' title='bbox 1247 2219 1280 2287; x_wconf 94' lang='lat' dir='ltr'>in</span> 
     </span>
     <span class='ocr_line' id='line_1_20' title="bbox 170 2321 1280 2414; baseline -0.002 -22"><span class='ocrx_word' id='word_1_146' title='bbox 170 2323 326 2414; x_wconf 92' lang='lat' dir='ltr'>pabulum</span> <span class='ocrx_word' id='word_1_147' title='bbox 343 2323 444 2392; x_wconf 91' lang='lat' dir='ltr'>uolat.</span> <span class='ocrx_word' id='word_1_148' title='bbox 482 2321 658 2405; x_wconf 79' lang='lat' dir='ltr'>DominuS,</span> <span class='ocrx_word' id='word_1_149' title='bbox 678 2342 763 2413; x_wconf 91' lang='lat' dir='ltr'>quos</span> <span class='ocrx_word' id='word_1_150' title='bbox 779 2325 975 2413; x_wconf 85' lang='lat' dir='ltr'>rogauerat‚</span> <span class='ocrx_word' id='word_1_151' title='bbox 996 2321 1174 2412; x_wconf 87' lang='lat' dir='ltr'>opperitur.</span> <span class='ocrx_word' id='word_1_152' title='bbox 1220 2321 1280 2390; x_wconf 88' lang='lat' dir='ltr'>Sol</span> 
     </span>
     <span class='ocr_line' id='line_1_21' title="bbox 171 2422 1280 2511; baseline -0.001 -17"><span class='ocrx_word' id='word_1_153' title='bbox 171 2427 284 2510; x_wconf 79' lang='lat' dir='ltr'>seruit,</span> <span class='ocrx_word' id='word_1_154' title='bbox 313 2423 516 2511; x_wconf 82' lang='lat' dir='ltr'>etfitnihi13</span> <span class='ocrx_word' id='word_1_155' title='bbox 546 2425 569 2492; x_wconf 90' lang='lat' dir='ltr'>it</span> <span class='ocrx_word' id='word_1_156' title='bbox 588 2423 676 2508; x_wconf 90' lang='lat' dir='ltr'>dies,</span> <span class='ocrx_word' id='word_1_157' title='bbox 705 2426 737 2492; x_wconf 92' lang='lat' dir='ltr'>et</span> <span class='ocrx_word' id='word_1_158' title='bbox 760 2424 852 2492; x_wconf 88' lang='lat' dir='ltr'>amici</span> <span class='ocrx_word' id='word_1_159' title='bbox 875 2422 955 2492; x_wconf 91' lang='lat' dir='ltr'>nulli</span> <span class='ocrx_word' id='word_1_160' title='bbox 976 2427 1077 2493; x_wconf 87' lang='lat' dir='ltr'>erant.</span> <span class='ocrx_word' id='word_1_161' title='bbox 1124 2424 1207 2494; x_wconf 90' lang='lat' dir='ltr'>Turn</span> <span class='ocrx_word' id='word_1_162' title='bbox 1225 2423 1280 2493; x_wconf 88' lang='lat' dir='ltr'>itte</span> 
     </span>
     <span class='ocr_line' id='line_1_22' title="bbox 171 2526 1279 2619; baseline -0.004 -21"><span class='ocrx_word' id='word_1_163' title='bbox 171 2551 304 2598; x_wconf 93' lang='lat' dir='ltr'>rursum</span> <span class='ocrx_word' id='word_1_164' title='bbox 333 2527 375 2596; x_wconf 90' lang='lat' dir='ltr'>ad</span> <span class='ocrx_word' id='word_1_165' title='bbox 399 2526 518 2599; x_wconf 86' lang='lat' dir='ltr'>litium:</span> <span class='ocrx_word' id='word_1_166' title='bbox 557 2526 677 2595; x_wconf 88' lang='lat' dir='ltr'>“amici</span> <span class='ocrx_word' id='word_1_167' title='bbox 704 2526 757 2595; x_wconf 91' lang='lat' dir='ltr'>isti</span> <span class='ocrx_word' id='word_1_168' title='bbox 786 2549 940 2618; x_wconf 85' lang='lat' dir='ltr'>magnam</span> <span class='ocrx_word' id='word_1_169' title='bbox 970 2527 1130 2618; x_wconf 90' lang='lat' dir='ltr'>partem’&#39;,</span> <span class='ocrx_word' id='word_1_170' title='bbox 1164 2527 1279 2619; x_wconf 89' lang='lat' dir='ltr'>inquit,</span> 
     </span>
     <span class='ocr_line' id='line_1_23' title="bbox 172 2628 1282 2722; baseline -0.002 -23"><span class='ocrx_word' id='word_1_171' title='bbox 172 2635 386 2701; x_wconf 89' lang='lat' dir='ltr'>“cessatores</span> <span class='ocrx_word' id='word_1_172' title='bbox 411 2632 496 2699; x_wconf 92' lang='lat' dir='ltr'>sunt.</span> <span class='ocrx_word' id='word_1_173' title='bbox 540 2628 624 2712; x_wconf 82' lang='lat' dir='ltr'>Quin</span> <span class='ocrx_word' id='word_1_174' title='bbox 647 2628 757 2719; x_wconf 83' lang='lat' dir='ltr'>potius</span> <span class='ocrx_word' id='word_1_175' title='bbox 779 2629 863 2698; x_wconf 92' lang='lat' dir='ltr'>imus</span> <span class='ocrx_word' id='word_1_176' title='bbox 887 2633 919 2699; x_wconf 89' lang='lat' dir='ltr'>et</span> <span class='ocrx_word' id='word_1_177' title='bbox 942 2633 1105 2722; x_wconf 83' lang='lat' dir='ltr'>cognatos</span> <span class='ocrx_word' id='word_1_178' title='bbox 1130 2629 1282 2699; x_wconf 83' lang='lat' dir='ltr'>adfines-</span> 
     </span>
     <span class='ocr_line' id='line_1_24' title="bbox 171 2731 1280 2827; baseline -0.002 -25"><span class='ocrx_word' id='word_1_179' title='bbox 171 2756 235 2827; x_wconf 90' lang='lat' dir='ltr'>que</span> <span class='ocrx_word' id='word_1_180' title='bbox 249 2737 383 2802; x_wconf 88' lang='lat' dir='ltr'>nostros</span> <span class='ocrx_word' id='word_1_181' title='bbox 398 2753 542 2817; x_wconf 83' lang='lat' dir='ltr'>oramus,</span> <span class='ocrx_word' id='word_1_182' title='bbox 564 2734 600 2800; x_wconf 93' lang='lat' dir='ltr'>ut</span> <span class='ocrx_word' id='word_1_183' title='bbox 620 2731 728 2800; x_wconf 82' lang='lat' dir='ltr'>adsint</span> <span class='ocrx_word' id='word_1_184' title='bbox 743 2753 817 2801; x_wconf 91' lang='lat' dir='ltr'>cras</span> <span class='ocrx_word' id='word_1_185' title='bbox 829 2733 968 2823; x_wconf 91' lang='lat' dir='ltr'>tempori</span> <span class='ocrx_word' id='word_1_186' title='bbox 987 2732 1028 2801; x_wconf 92' lang='lat' dir='ltr'>ad</span> <span class='ocrx_word' id='word_1_187' title='bbox 1046 2732 1280 2803; x_wconf 84' lang='lat' dir='ltr'>metendum?”</span> 
     </span>
     <span class='ocr_line' id='line_1_25' title="bbox 165 2834 1278 2926; baseline -0.004 -20"><span class='ocrx_word' id='word_1_188' title='bbox 165 2837 283 2906; x_wconf 77' lang='lat' dir='ltr'>itidem</span> <span class='ocrx_word' id='word_1_189' title='bbox 306 2836 369 2905; x_wconf 93' lang='lat' dir='ltr'>hoc</span> <span class='ocrx_word' id='word_1_190' title='bbox 390 2836 467 2926; x_wconf 82' lang='lat' dir='ltr'>pulli</span> <span class='ocrx_word' id='word_1_191' title='bbox 490 2835 651 2926; x_wconf 84' lang='lat' dir='ltr'>pauefacti</span> <span class='ocrx_word' id='word_1_192' title='bbox 673 2834 765 2909; x_wconf 87' lang='lat' dir='ltr'>matri</span> <span class='ocrx_word' id='word_1_193' title='bbox 789 2836 947 2903; x_wconf 90' lang='lat' dir='ltr'>nuntiant.</span> <span class='ocrx_word' id='word_1_194' title='bbox 994 2836 1097 2904; x_wconf 89' lang='lat' dir='ltr'>Mater</span> <span class='ocrx_word' id='word_1_195' title='bbox 1118 2835 1278 2919; x_wconf 82' lang='lat' dir='ltr'>hortatur,</span> 
     </span>
     <span class='ocr_line' id='line_1_26' title="bbox 173 2937 1281 3032; baseline -0.003 -23"><span class='ocrx_word' id='word_1_196' title='bbox 173 2944 206 3009; x_wconf 94' lang='lat' dir='ltr'>ut</span> <span class='ocrx_word' id='word_1_197' title='bbox 229 2944 296 3009; x_wconf 92' lang='lat' dir='ltr'>turn</span> <span class='ocrx_word' id='word_1_198' title='bbox 317 2962 449 3032; x_wconf 89' lang='lat' dir='ltr'>quoque</span> <span class='ocrx_word' id='word_1_199' title='bbox 472 2939 542 3009; x_wconf 92' lang='lat' dir='ltr'>sine</span> <span class='ocrx_word' id='word_1_200' title='bbox 567 2940 654 3006; x_wconf 92' lang='lat' dir='ltr'>metu</span> <span class='ocrx_word' id='word_1_201' title='bbox 677 2959 715 3005; x_wconf 91' lang='lat' dir='ltr'>ac</span> <span class='ocrx_word' id='word_1_202' title='bbox 733 2937 804 3006; x_wconf 91' lang='lat' dir='ltr'>sine</span> <span class='ocrx_word' id='word_1_203' title='bbox 826 2960 905 3007; x_wconf 91' lang='lat' dir='ltr'>cura</span> <span class='ocrx_word' id='word_1_204' title='bbox 925 2937 1006 3021; x_wconf 90' lang='lat' dir='ltr'>sint,</span> <span class='ocrx_word' id='word_1_205' title='bbox 1030 2941 1193 3030; x_wconf 83' lang='lat' dir='ltr'>cognatos</span> <span class='ocrx_word' id='word_1_206' title='bbox 1216 2937 1281 3006; x_wconf 91' lang='lat' dir='ltr'>ad-</span> 
     </span>
     <span class='ocr_line' id='line_1_27' title="bbox 169 3039 1281 3136; baseline -0.005 -23"><span class='ocrx_word' id='word_1_207' title='bbox 169 3044 320 3136; x_wconf 85' lang='lat' dir='ltr'>finesque</span> <span class='ocrx_word' id='word_1_208' title='bbox 351 3043 460 3112; x_wconf 93' lang='lat' dir='ltr'>nullos</span> <span class='ocrx_word' id='word_1_209' title='bbox 493 3043 595 3110; x_wconf 86' lang='lat' dir='ltr'>terme</span> <span class='ocrx_word' id='word_1_210' title='bbox 622 3043 688 3108; x_wconf 90' lang='lat' dir='ltr'>tam</span> <span class='ocrx_word' id='word_1_211' title='bbox 716 3060 792 3108; x_wconf 91' lang='lat' dir='ltr'>esse</span> <span class='ocrx_word' id='word_1_212' title='bbox 829 3039 1051 3133; x_wconf 88' lang='lat' dir='ltr'>obsequibiles</span> <span class='ocrx_word' id='word_1_213' title='bbox 1080 3041 1140 3124; x_wconf 88' lang='lat' dir='ltr'>ait,</span> <span class='ocrx_word' id='word_1_214' title='bbox 1175 3045 1210 3108; x_wconf 92' lang='lat' dir='ltr'>ut</span> <span class='ocrx_word' id='word_1_215' title='bbox 1238 3040 1281 3108; x_wconf 89' lang='lat' dir='ltr'>ad</span> 
     </span>
     <span class='ocr_line' id='line_1_28' title="bbox 167 3141 1390 3236; baseline -0.004 -21"><span class='ocrx_word' id='word_1_216' title='bbox 167 3146 312 3216; x_wconf 88' lang='lat' dir='ltr'>laborem</span> <span class='ocrx_word' id='word_1_217' title='bbox 333 3145 572 3236; x_wconf 89' lang='lat' dir='ltr'>capessendum</span> <span class='ocrx_word' id='word_1_218' title='bbox 587 3141 666 3211; x_wconf 89' lang='lat' dir='ltr'>nihil</span> <span class='ocrx_word' id='word_1_219' title='bbox 681 3145 874 3212; x_wconf 91' lang='lat' dir='ltr'>cunctentur</span> <span class='ocrx_word' id='word_1_220' title='bbox 891 3148 923 3212; x_wconf 89' lang='lat' dir='ltr'>et</span> <span class='ocrx_word' id='word_1_221' title='bbox 942 3143 1050 3211; x_wconf 92' lang='lat' dir='ltr'>statim</span> <span class='ocrx_word' id='word_1_222' title='bbox 1066 3142 1153 3210; x_wconf 92' lang='lat' dir='ltr'>dicto</span> <span class='ocrx_word' id='word_1_223' title='bbox 1172 3144 1282 3211; x_wconf 90' lang='lat' dir='ltr'>oboe-</span> <span class='ocrx_word' id='word_1_224' title='bbox 1386 3164 1390 3174; x_wconf 61' lang='lat'><strong><em>¹</em></strong></span> 
     </span>
     <span class='ocr_line' id='line_1_29' title="bbox 169 3245 1282 3338; baseline -0.006 -20"><span class='ocrx_word' id='word_1_225' title='bbox 169 3250 274 3318; x_wconf 88' lang='lat' dir='ltr'>diant:</span> <span class='ocrx_word' id='word_1_226' title='bbox 301 3255 391 3317; x_wconf 85' lang='lat' dir='ltr'>“uos</span> <span class='ocrx_word' id='word_1_227' title='bbox 407 3247 539 3330; x_wconf 88' lang='lat' dir='ltr'>modo”‚</span> <span class='ocrx_word' id='word_1_228' title='bbox 562 3246 680 3338; x_wconf 90' lang='lat' dir='ltr'>inquit,</span> <span class='ocrx_word' id='word_1_229' title='bbox 705 3249 726 3281; x_wconf 81' lang='lat'>‘⁴</span> <span class='ocrx_word' id='word_1_230' title='bbox 736 3245 914 3329; x_wconf 88' lang='lat' dir='ltr'>aduertite,</span> <span class='ocrx_word' id='word_1_231' title='bbox 944 3245 1094 3314; x_wconf 86' lang='lat' dir='ltr'>si&#39;modo</span> <span class='ocrx_word' id='word_1_232' title='bbox 1115 3245 1192 3336; x_wconf 91' lang='lat' dir='ltr'>quid</span> <span class='ocrx_word' id='word_1_233' title='bbox 1217 3245 1282 3312; x_wconf 84' lang='lat' dir='ltr'>de-</span> 
     </span>
     <span class='ocr_line' id='line_1_30' title="bbox 169 3348 1279 3438; baseline -0.005 -17"><span class='ocrx_word' id='word_1_234' title='bbox 169 3375 235 3421; x_wconf 92' lang='lat' dir='ltr'>nuo</span> <span class='ocrx_word' id='word_1_235' title='bbox 254 3351 408 3421; x_wconf 88' lang='lat' dir='ltr'>dicetur.&#39;’</span> <span class='ocrx_word' id='word_1_236' title='bbox 447 3351 524 3419; x_wconf 86' lang='lat' dir='ltr'>Alia</span> <span class='ocrx_word' id='word_1_237' title='bbox 547 3348 620 3418; x_wconf 91' lang='lat' dir='ltr'>tuce</span> <span class='ocrx_word' id='word_1_238' title='bbox 641 3355 713 3418; x_wconf 90' lang='lat' dir='ltr'>orta</span> <span class='ocrx_word' id='word_1_239' title='bbox 739 3348 812 3418; x_wconf 88' lang='lat' dir='ltr'>auis</span> <span class='ocrx_word' id='word_1_240' title='bbox 835 3349 868 3416; x_wconf 91' lang='lat' dir='ltr'>in</span> <span class='ocrx_word' id='word_1_241' title='bbox 884 3352 1023 3438; x_wconf 83' lang='lat' dir='ltr'>¹pastum</span> <span class='ocrx_word' id='word_1_242' title='bbox 1048 3349 1279 3437; x_wconf 83' lang='lat' dir='ltr'>profectaest.</span> 
     </span>
     <span class='ocr_line' id='line_1_31' title="bbox 169 3451 1281 3546; baseline -0.004 -23"><span class='ocrx_word' id='word_1_243' title='bbox 169 3453 311 3546; x_wconf 86' lang='lat' dir='ltr'>Cognati</span> <span class='ocrx_word' id='word_1_244' title='bbox 329 3459 360 3523; x_wconf 95' lang='lat' dir='ltr'>et</span> <span class='ocrx_word' id='word_1_245' title='bbox 379 3454 505 3523; x_wconf 82' lang='lat' dir='ltr'>adfines</span> <span class='ocrx_word' id='word_1_246' title='bbox 526 3473 670 3542; x_wconf 88' lang='lat' dir='ltr'>operam,</span> <span class='ocrx_word' id='word_1_247' title='bbox 693 3473 791 3543; x_wconf 92' lang='lat' dir='ltr'>quarn</span> <span class='ocrx_word' id='word_1_248' title='bbox 814 3452 892 3520; x_wconf 89' lang='lat' dir='ltr'>dare</span> <span class='ocrx_word' id='word_1_249' title='bbox 911 3451 1020 3542; x_wconf 83' lang='lat' dir='ltr'>rogati</span> <span class='ocrx_word' id='word_1_250' title='bbox 1038 3455 1132 3534; x_wconf 88' lang='lat' dir='ltr'>sunt,</span> <span class='ocrx_word' id='word_1_251' title='bbox 1156 3472 1281 3540; x_wconf 90' lang='lat' dir='ltr'>super-</span> 
     </span>
     <span class='ocr_line' id='line_1_32' title="bbox 168 3553 1279 3646; baseline -0.005 -20"><span class='ocrx_word' id='word_1_252' title='bbox 168 3557 334 3627; x_wconf 90' lang='lat' dir='ltr'>sederunt.</span> <span class='ocrx_word' id='word_1_253' title='bbox 380 3557 434 3625; x_wconf 82' lang='lat' dir='ltr'>nd</span> <span class='ocrx_word' id='word_1_254' title='bbox 457 3559 659 3646; x_wconf 90' lang='lat' dir='ltr'>postremum</span> <span class='ocrx_word' id='word_1_255' title='bbox 683 3553 784 3644; x_wconf 87' lang='lat' dir='ltr'>igitur</span> <span class='ocrx_word' id='word_1_256' title='bbox 802 3554 954 3622; x_wconf 91' lang='lat' dir='ltr'>dominus</span> <span class='ocrx_word' id='word_1_257' title='bbox 972 3553 1057 3621; x_wconf 86' lang='lat' dir='ltr'>tilio:</span> <span class='ocrx_word' id='word_1_258' title='bbox 1084 3553 1279 3636; x_wconf 83' lang='lat' dir='ltr'>“ualeant&#39;&#39;‚</span> 
     </span>
     <span class='ocr_line' id='line_1_33' title="bbox 168 3655 1281 3752; baseline -0.004 -24"><span class='ocrx_word' id='word_1_259' title='bbox 168 3660 289 3752; x_wconf 88' lang='lat' dir='ltr'>inquit,</span> <span class='ocrx_word' id='word_1_260' title='bbox 319 3658 437 3727; x_wconf 87' lang='lat' dir='ltr'>“amici</span> <span class='ocrx_word' id='word_1_261' title='bbox 463 3679 534 3726; x_wconf 91' lang='lat' dir='ltr'>curn</span> <span class='ocrx_word' id='word_1_262' title='bbox 558 3655 761 3747; x_wconf 88' lang='lat' dir='ltr'>propinquis.</span> <span class='ocrx_word' id='word_1_263' title='bbox 806 3656 937 3725; x_wconf 85' lang='lat' dir='ltr'>Afferes</span> <span class='ocrx_word' id='word_1_264' title='bbox 958 3655 1063 3746; x_wconf 93' lang='lat' dir='ltr'>primo</span> <span class='ocrx_word' id='word_1_265' title='bbox 1090 3655 1152 3724; x_wconf 92' lang='lat' dir='ltr'>tuci</span> <span class='ocrx_word' id='word_1_266' title='bbox 1175 3655 1281 3724; x_wconf 81' lang='lat' dir='ltr'>falces</span> 
     </span>
     <span class='ocr_line' id='line_1_34' title="bbox 168 3756 1282 3852; baseline -0.004 -21"><span class='ocrx_word' id='word_1_267' title='bbox 168 3762 268 3831; x_wconf 91' lang='lat' dir='ltr'>duas:</span> <span class='ocrx_word' id='word_1_268' title='bbox 296 3784 392 3830; x_wconf 86' lang='lat' dir='ltr'>unam</span> <span class='ocrx_word' id='word_1_269' title='bbox 417 3764 549 3852; x_wconf 82' lang='lat' dir='ltr'>egomet</span> <span class='ocrx_word' id='word_1_270' title='bbox 571 3756 647 3825; x_wconf 91' lang='lat' dir='ltr'>mihi</span> <span class='ocrx_word' id='word_1_271' title='bbox 668 3767 700 3826; x_wconf 94' lang='lat' dir='ltr'>et</span> <span class='ocrx_word' id='word_1_272' title='bbox 723 3761 758 3826; x_wconf 95' lang='lat' dir='ltr'>tu</span> <span class='ocrx_word' id='word_1_273' title='bbox 777 3758 833 3826; x_wconf 90' lang='lat' dir='ltr'>tibi</span> <span class='ocrx_word' id='word_1_274' title='bbox 857 3758 967 3849; x_wconf 91' lang='lat' dir='ltr'>capies</span> <span class='ocrx_word' id='word_1_275' title='bbox 991 3758 1128 3828; x_wconf 85' lang='lat' dir='ltr'>alteram</span> <span class='ocrx_word' id='word_1_276' title='bbox 1152 3759 1219 3827; x_wconf 87' lang='lat' dir='ltr'>etf</span> <span class='ocrx_word' id='word_1_277' title='bbox 1259 3796 1282 3810; x_wconf 95' lang='lat'>-</span> 
     </span>
     <span class='ocr_line' id='line_1_35' title="bbox 169 3861 1281 3953; baseline -0.004 -19"><span class='ocrx_word' id='word_1_278' title='bbox 169 3870 313 3934; x_wconf 91' lang='lat' dir='ltr'>mentum</span> <span class='ocrx_word' id='word_1_279' title='bbox 342 3870 471 3933; x_wconf 89' lang='lat' dir='ltr'>nosmet</span> <span class='ocrx_word' id='word_1_280' title='bbox 498 3862 561 3953; x_wconf 91' lang='lat' dir='ltr'>ipsi</span> <span class='ocrx_word' id='word_1_281' title='bbox 588 3861 738 3930; x_wconf 89' lang='lat' dir='ltr'>manibus</span> <span class='ocrx_word' id='word_1_282' title='bbox 760 3862 882 3931; x_wconf 91' lang='lat' dir='ltr'>nostris</span> <span class='ocrx_word' id='word_1_283' title='bbox 910 3883 983 3930; x_wconf 89' lang='lat' dir='ltr'>oras</span> <span class='ocrx_word' id='word_1_284' title='bbox 1009 3861 1197 3929; x_wconf 90' lang='lat' dir='ltr'>metemus.”</span> <span class='ocrx_word' id='word_1_285' title='bbox 1245 3861 1281 3930; x_wconf 88' lang='lat' dir='ltr'>ld</span> 
     </span>
     <span class='ocr_line' id='line_1_36' title="bbox 169 3962 1281 4058; baseline -0.004 -22"><span class='ocrx_word' id='word_1_286' title='bbox 169 3969 223 4037; x_wconf 87' lang='lat' dir='ltr'>ubi</span> <span class='ocrx_word' id='word_1_287' title='bbox 250 3964 291 4038; x_wconf 81' lang='lat' dir='ltr'>eir</span> <span class='ocrx_word' id='word_1_288' title='bbox 319 3968 418 4058; x_wconf 82' lang='lat' dir='ltr'>pullis</span> <span class='ocrx_word' id='word_1_289' title='bbox 441 3966 566 4035; x_wconf 86' lang='lat' dir='ltr'>dixisse</span> <span class='ocrx_word' id='word_1_290' title='bbox 591 3962 758 4033; x_wconf 91' lang='lat' dir='ltr'>dominum</span> <span class='ocrx_word' id='word_1_291' title='bbox 782 3969 886 4033; x_wconf 89' lang='lat' dir='ltr'>mater</span> <span class='ocrx_word' id='word_1_292' title='bbox 908 3964 1048 4033; x_wconf 90' lang='lat' dir='ltr'>audiuit:</span> <span class='ocrx_word' id='word_1_293' title='bbox 1083 3964 1281 4055; x_wconf 87' lang='lat' dir='ltr'>“tempus”‚</span> 
     </span>
     <span class='ocr_line' id='line_1_37' title="bbox 169 4065 1281 4165; baseline -0.006 -24"><span class='ocrx_word' id='word_1_294' title='bbox 169 4071 289 4165; x_wconf 90' lang='lat' dir='ltr'>inquit,</span> <span class='ocrx_word' id='word_1_295' title='bbox 323 4075 403 4139; x_wconf 88' lang='lat' dir='ltr'>“est</span> <span class='ocrx_word' id='word_1_296' title='bbox 432 4068 568 4138; x_wconf 89' lang='lat' dir='ltr'>cedendi</span> <span class='ocrx_word' id='word_1_297' title='bbox 591 4071 624 4134; x_wconf 93' lang='lat' dir='ltr'>ct</span> <span class='ocrx_word' id='word_1_298' title='bbox 647 4066 804 4155; x_wconf 82' lang='lat' dir='ltr'>abeundi3</span> <span class='ocrx_word' id='word_1_299' title='bbox 834 4067 889 4135; x_wconf 85' lang='lat' dir='ltr'>liet</span> <span class='ocrx_word' id='word_1_300' title='bbox 914 4089 1001 4134; x_wconf 91' lang='lat' dir='ltr'>nunc</span> <span class='ocrx_word' id='word_1_301' title='bbox 1026 4065 1124 4136; x_wconf 92' lang='lat' dir='ltr'>dubio</span> <span class='ocrx_word' id='word_1_302' title='bbox 1150 4066 1281 4157; x_wconf 83' lang='lat' dir='ltr'>procui,</span> 
     </span>
     <span class='ocr_line' id='line_1_38' title="bbox 169 4168 1283 4267; baseline -0.005 -23"><span class='ocrx_word' id='word_1_303' title='bbox 169 4176 258 4267; x_wconf 92' lang='lat' dir='ltr'>quod</span> <span class='ocrx_word' id='word_1_304' title='bbox 283 4176 428 4244; x_wconf 78' lang='lat' dir='ltr'>futurum</span> <span class='ocrx_word' id='word_1_305' title='bbox 452 4172 542 4241; x_wconf 86' lang='lat' dir='ltr'>dixit.</span> <span class='ocrx_word' id='word_1_306' title='bbox 583 4169 715 4259; x_wconf 80' lang='lat' dir='ltr'>inipso</span> <span class='ocrx_word' id='word_1_307' title='bbox 742 4170 826 4238; x_wconf 91' lang='lat' dir='ltr'>enim</span> <span class='ocrx_word' id='word_1_308' title='bbox 855 4170 918 4238; x_wconf 89' lang='lat' dir='ltr'>iam</span> <span class='ocrx_word' id='word_1_309' title='bbox 945 4168 1099 4254; x_wconf 84' lang='lat' dir='ltr'>uertitur,</span> <span class='ocrx_word' id='word_1_310' title='bbox 1127 4169 1202 4238; x_wconf 90' lang='lat' dir='ltr'>cuia</span> <span class='ocrx_word' id='word_1_311' title='bbox 1225 4191 1283 4238; x_wconf 91' lang='lat' dir='ltr'>res</span> 
     </span>
     <span class='ocr_line' id='line_1_39' title="bbox 169 4270 1285 4364; baseline -0.004 -18"><span class='ocrx_word' id='word_1_312' title='bbox 169 4284 235 4364; x_wconf 88' lang='lat' dir='ltr'>est,</span> <span class='ocrx_word' id='word_1_313' title='bbox 263 4299 329 4347; x_wconf 92' lang='lat' dir='ltr'>non</span> <span class='ocrx_word' id='word_1_314' title='bbox 354 4278 386 4345; x_wconf 90' lang='lat' dir='ltr'>in</span> <span class='ocrx_word' id='word_1_315' title='bbox 410 4275 491 4360; x_wconf 87' lang='lat' dir='ltr'>atio,</span> <span class='ocrx_word' id='word_1_316' title='bbox 519 4275 606 4345; x_wconf 91' lang='lat' dir='ltr'>unde</span> <span class='ocrx_word' id='word_1_317' title='bbox 630 4273 784 4362; x_wconf 90' lang='lat' dir='ltr'>petitur.”</span> <span class='ocrx_word' id='word_1_318' title='bbox 827 4274 935 4364; x_wconf 81' lang='lat' dir='ltr'>Atque</span> <span class='ocrx_word' id='word_1_319' title='bbox 961 4273 1006 4341; x_wconf 87' lang='lat' dir='ltr'>ita</span> <span class='ocrx_word' id='word_1_320' title='bbox 1026 4270 1149 4341; x_wconf 87' lang='lat' dir='ltr'>cassita</span> <span class='ocrx_word' id='word_1_321' title='bbox 1166 4270 1285 4342; x_wconf 88' lang='lat' dir='ltr'>nidum</span> 
     </span>
    </p>
   </div>
   <div class='ocr_carea' id='block_1_3' title="bbox 0 0 1428 4988">
    <p class='ocr_par' dir='ltr' id='par_1_3' title="bbox 0 0 1428 4988">
     <span class='ocr_line' id='line_1_40' title="bbox 0 0 1428 4988; baseline 0 0"><span class='ocrx_word' id='word_1_322' title='bbox 0 0 1428 4988; x_wconf 95' lang='lat' dir='ltr'> </span> 
     </span>
    </p>
   </div>
  </div>
 </body>
</html>
