2834 4988
1245 296 1271 341 0

151 405 263 453 xcvrn
551 395 863 463 otnssrroxes

151 565 346 624 narrationem
358 578 412 640 per
424 560 472 619 fila
485 561 627 638 quaedam
639 571 776 621 retexere
788 572 876 641 atque
888 570 995 640 poetae
1007 565 1065 623 nim
1076 574 1106 624 et
1118 566 1267 642 ingenium

152 673 261 730 sentire
273 670 368 727 sinunt
381 668 551 744 iragmenta.
585 667 665 745 Ergo
681 689 718 728 ex
732 688 806 729 mea.
829 688 914 747 qnam
932 668 1042 730 flerula
1056 673 1195 751 praeiuit,
1208 671 1266 733 dis·

152 778 298 856 positione
312 775 378 835 lmic
394 775 469 834 libro
485 775 657 849 Pyrrhum
671 775 769 834 licebit
788 776 959 836 inscribere.
983 777 1095 853 Pyrrbo
1107 781 1197 855 enim,
1211 798 1267 839 nec

153 901 227 944 nero
241 883 306 943 aliis
327 881 416 941 rebus
435 893 554 961 praeter
567 882 706 957 Pyrrlrum
727 882 773 941 bic
795 881 871 942 liber
891 884 1004 945 dicatus
1024 894 1087 945 est:
1110 886 1184 946 licet
1201 904 1266 945 ner·

151 1010 225 1066 sum,
239 991 288 1069 qui
301 993 394 1068 ipsum
409 988 510 1064 Pyrrbi
525 1006 640 1047 nomen.
653 987 701 1046 nel
712 986 794 1047 Rurri
806 1007 888 1048 more
901 988 1043 1067 Enniano,
1059 992 1183 1053 exbibet
1195 992 1265 1073 (V),

151 1117 169 1156 e
192 1098 292 1176 quinto
314 1095 425 1156 Nonius
447 1113 476 1174 p.
499 1093 578 1161 226,
600 1093 641 1153 30
663 1093 838 1157 laudauerit.
862 1114 917 1155 nec
939 1097 1064 1174 diligens
1086 1101 1154 1179 ipse
1169 1118 1265 1177 gram

151 1205 290 1280 malicus,
315 1221 371 1263 nec
393 1223 409 1264 a
432 1202 559 1263 librariis
580 1211 719 1262 tractatus
737 1202 904 1279 diligenter.
944 1201 1034 1264 Cuius
1052 1215 1150 1266 tamen
1164 1216 1264 1267 auctu·

150 1312 234 1370 ritate
270 1312 349 1369 nisus
377 1309 553 1369 Niebnbrius
583 1311 611 1367 in
648 1309 759 1368 scbolis
796 1310 879 1370 arad.
913 1310 951 1370 de
980 1311 1102 1373 bistoria
1134 1312 1264 1374 Romana

151 1418 187 1497 (l
216 1417 278 1497 23)
315 1419 445 1496 quintum
476 1415 625 1476 annalem.
663 1432 719 1474 non
749 1424 880 1477 sextum.
919 1415 1030 1491 Pyrrbo
1061 1420 1198 1480 ascribit:
1235 1429 1262 1479 at

150 1525 300 1585 Niebubrii
331 1523 472 1582 annalium
501 1523 655 1601 dispositio
685 1523 819 1580 uniuersa
848 1540 956 1583 uereor
990 1534 1020 1584 ut
1046 1526 1146 1586 dedita
1173 1544 1262 1606 opera

152 1631 279 1690 instituta
300 1631 424 1689 omnium
447 1629 673 1704 iragmentorum
688 1628 924 1689 consideratione
941 1631 1057 1691 nitatur.
1095 1634 1195 1712 Aqua
1213 1651 1263 1694 cur

152 1738 179 1795 in
205 1736 270 1796 aliis
299 1736 381 1796 libris
412 1736 616 1807 discesserim,
650 1733 718 1792 alibi
747 1733 854 1794 dicam:
891 1738 919 1795 in
944 1736 1058 1812 Pyrrho
1086 1738 1166 1817 quod
1194 1738 1260 1799 Nie-

150 1844 280 1903 bubrinm
301 1860 358 1902 non
380 1859 508 1921 sequor,
532 1859 596 1901 cnm
615 1842 715 1901 testis.
738 1858 822 1918 quem
837 1840 922 1901 Nonii
942 1846 1109 1905 testimonio
1131 1861 1260 1925 oppono,

149 1949 254 2010 Festus
279 1969 324 2010 me
349 1959 483 2011 moneat.
515 1949 564 2028 qni
586 1966 615 2026 p.
643 1948 701 2009 too
721 1946 759 2011 ll.
781 1946 817 2006 ir.
842 1947 899 2009 ll'.
929 1951 1011 2030 quod
1033 1970 1099 2013 curn
1121 1952 1175 2012 illo
1194 1970 1259 2031 per·

150 2075 235 2135 qnam
261 2056 453 2136 probabiliter
475 2054 586 2115 llernla
616 2055 783 2127 coniunxit,
816 2072 833 2112 e
861 2053 900 2113 ll
929 2057 1024 2117 annali
1051 2060 1168 2119 citauit:
1203 2068 1259 2118 tum

149 2163 241 2223 lirmat
263 2164 419 2239 rationem,
452 2162 636 2242 quodetiam
659 2162 787 2227 relicua,
817 2180 893 2241 qnae
914 2165 1032 2241 quidem
1053 2164 1223 2226 adferuntur
1243 2182 1259 2223 e

149 2279 253 2345 sexto,
277 2270 340 2330 iere
361 2287 412 2329 sua
434 2279 540 2348 sponte
563 2287 597 2328 se
619 2268 685 2328 buic
709 2278 880 2345 argumento
903 2271 1134 2333 accommodant.
1169 2272 1259 2333 Porro

149 2376 287 2453 quidquid
310 2376 347 2434 de
367 2383 471 2453 quarto
492 2376 652 2453 quintoque
676 2375 751 2434 libro
775 2385 935 2453 statuetur,
958 2380 987 2437 in
1006 2379 1112 2458 quibus
1126 2395 1187 2456 ego
1203 2394 1259 2438 non

150 2498 259 2540 uereor
282 2490 311 2540 ut
328 2481 510 2560 disponendo
532 2481 648 2540 multum
670 2499 773 2541 anero
793 2483 979 2560 deflexerim,
1001 2503 1018 2543 a
1038 2487 1165 2564 septimo
1183 2484 1260 2546 lrella

152 2587 255 2647 Punica
271 2588 400 2648 incubari
416 2589 486 2647 satis
498 2596 590 2662 certa,
607 2605 683 2667 qnae
694 2588 768 2649 inira
786 2590 955 2669 explicabo,
971 2591 1076 2652 indicia
1090 2598 1258 2653 monstrant.

235 2693 380 2754 Exorsum
410 2713 479 2754 esse
513 2694 615 2755 librum
647 2695 685 2756 ab
717 2714 755 2756 eo
786 2714 874 2776 quern
899 2698 1019 2776 primum
1046 2699 1134 2777 posui
1161 2716 1258 2772 neren,
1283 2720 1288 2729 ·

151 2801 259 2862 Cicero
298 2803 375 2881 apud
413 2801 617 2876 Quintilianum
651 2800 692 2861 t'l
723 2802 764 2877 3,
805 2801 870 2879 86,
920 2804 989 2864 licet
1034 2803 1165 2864 editores
1204 2818 1260 2861 non

150 2910 289 2985 uiderint,
313 2926 370 2968 non
392 2907 520 2967 obscure
540 2909 717 2987 prodiderat.
753 2907 837 2968 Vnde
860 2910 992 2970 colorem
1014 2909 1095 2969 duxit
1109 2910 1151 2986 is,
1171 2912 1259 2988 aipuo

150 3014 302 3076 Lucretius
323 3018 448 3094 quintum
468 3016 505 3074 de
530 3025 629 3075 natura
652 3033 748 3075 rerum
773 3015 896 3094 incepit,
918 3022 980 3092 qcr‘c
997 3022 1070 3092 potis
1090 3026 1132 3075 est
1149 3020 1258 3092 dipem

143 3129 262 3201 pollenti
275 3135 391 3202 pectore
411 3142 525 3183 cannen
540 3127 686 3184 Condere?
707 3121 753 3183 ct.
773 3125 858 3184 etiam
871 3122 1018 3182 Ausonius
1030 3121 1105 3186 llos.
1120 3120 1183 3183 298
1200 3126 1259 3198 qao's

142 3239 219 3309 potis
247 3239 405 3293 innume
434 3236 575 3306 cultroque
602 3234 763 3307 habitusque
794 3243 926 3291 retexens
954 3234 1084 3292 Pondere
1113 3233 1259 3289 tectonicas

143 3357 200 3413 per
220 3345 329 3414 scopula
348 3344 468 3415 praedio
488 3342 618 3413 formas?
652 3335 731 3413 Ergo
755 3336 822 3397 bnic
846 3336 919 3397 libro
942 3336 1093 3415 peculiare
1116 3334 1258 3414 quoddam

149 3444 350 3522 prohoemium
368 3462 425 3504 non
445 3442 552 3515 deluit,
579 3450 610 3500 ut
633 3452 752 3521 praeter
770 3444 891 3522 primum
909 3444 1052 3521 septimo,
1075 3442 1191 3504 decimo
1213 3456 1257 3514 ac,

149 3551 270 3609 nisime
292 3550 366 3610 fallit
388 3552 577 3624 coniectura,
602 3550 687 3608 etiam
709 3548 931 3609 sextodecimo
954 3558 984 3608 et
1006 3548 1256 3609 duodeuicesimo.

149 3656 208 3717 Sed
242 3656 286 3715 his
314 3656 396 3715 libris
429 3656 495 3714 dnm
527 3655 643 3716 uindico
673 3657 840 3730 exordium,
876 3657 984 3715 ceteris
1016 3673 1074 3715 non
1106 3654 1257 3716 abiudico:

149 3763 204 3821 nisi
232 3763 309 3841 qnod
339 3762 487 3839 indicium,
520 3779 578 3840 quo
607 3763 740 3823 adiuuem
763 3761 971 3839 suspitionem,
999 3762 1109 3823 nnllam
1131 3760 1257 3821 inuenio.

148 3868 173 3929 tl
204 3888 346 3930 consessu
375 3870 500 3947 quodam
526 3870 647 3929 deornm
677 3869 824 3929 residuum
854 3868 969 3929 uidetur
1000 3868 1036 3929 fr.
1065 3866 1107 3928 ll:
1144 3867 1258 3947 qualem

149 3994 320 4036 consessum
348 3974 469 4035 difficile
501 3984 547 4034 est
578 3975 724 4050 diuinare,
761 3975 807 4034 cni
835 3977 959 4035 maxime
989 3975 1063 4054 parti
1091 3980 1180 4052 potita
1211 3972 1257 4033 ad·

149 4083 306 4142 miscuerit.
343 4082 392 4141 Sic
417 4083 508 4161 potnit
529 4083 577 4141 nel
597 4085 625 4142 in
640 4082 734 4142 media
750 4096 846 4160 pugna
862 4080 958 4158 aliqua
973 4079 1094 4139 deornm
1110 4078 1258 4150 auxilinm,

151 4208 209 4268 quo
231 4189 361 4249 alterutri
385 4191 457 4267 parti
477 4189 592 4249 felicius
614 4196 745 4247 uerteret
765 4194 932 4262 certamen,
955 4184 1070 4246 ascisci.
1109 4182 1141 4242 ln
1163 4202 1197 4243 re
1219 4183 1259 4241 in·

148 4305 228 4356 certa
243 4295 279 4356 ad
295 4297 466 4375 principium
481 4295 546 4354 libri
564 4312 681 4353 uersum
696 4295 831 4373 ascripsi,
848 4310 934 4370 quem
946 4291 1098 4353 admodum
1114 4287 1259 4349 llo-erus
