<?xml version="1.0" encoding="UTF-8"?>
<!DOCTYPE html PUBLIC "-//W3C//DTD XHTML 1.0 Transitional//EN"
    "http://www.w3.org/TR/xhtml1/DTD/xhtml1-transitional.dtd">
<html xmlns="http://www.w3.org/1999/xhtml" xml:lang="en" lang="en">
 <head>
  <title>
</title>
<meta http-equiv="Content-Type" content="text/html;charset=utf-8" />
  <meta name='ocr-system' content='tesseract 3.04.00' />
  <meta name='ocr-capabilities' content='ocr_page ocr_carea ocr_par ocr_line ocrx_word'/>
</head>
<body>
  <div class='ocr_page' id='page_1' title='image "./ennicanpoesisre00ennigoog_0281.png"; bbox 0 0 2834 4988; ppageno 0'>
   <div class='ocr_carea' id='block_1_1' title="bbox 180 397 1003 467">
    <p class='ocr_par' dir='ltr' id='par_1_1' title="bbox 180 397 1003 467">
     <span class='ocr_line' id='line_1_1' title="bbox 180 397 1003 467; baseline -0.006 -4"><span class='ocrx_word' id='word_1_1' title='bbox 180 397 242 467; x_wconf 81' lang='grc'>178</span> <span class='ocrx_word' id='word_1_2' title='bbox 464 401 754 463; x_wconf 80' lang='lat' dir='ltr'>INCERTORVM</span> <span class='ocrx_word' id='word_1_3' title='bbox 775 401 1003 460; x_wconf 82' lang='lat' dir='ltr'>LIBRORVM</span> 
     </span>
    </p>
   </div>
   <div class='ocr_carea' id='block_1_2' title="bbox 178 571 1300 770">
    <p class='ocr_par' dir='ltr' id='par_1_2' title="bbox 178 571 1300 770">
     <span class='ocr_line' id='line_1_2' title="bbox 181 571 1300 668; baseline -0.004 -24"><span class='ocrx_word' id='word_1_4' title='bbox 181 573 308 644; x_wconf 86' lang='lat' dir='ltr'>‘dieunt</span> <span class='ocrx_word' id='word_1_5' title='bbox 329 597 426 645; x_wconf 88' lang='lat' dir='ltr'>omne</span> <span class='ocrx_word' id='word_1_6' title='bbox 447 575 536 668; x_wconf 93' lang='lat' dir='ltr'>quod</span> <span class='ocrx_word' id='word_1_7' title='bbox 555 573 691 642; x_wconf 89' lang='lat' dir='ltr'>nitidum</span> <span class='ocrx_word' id='word_1_8' title='bbox 719 571 789 641; x_wconf 84' lang='lat' dir='ltr'>cst’</span> <span class='ocrx_word' id='word_1_9' title='bbox 827 573 900 642; x_wconf 85' lang='lat' dir='ltr'>Hoc</span> <span class='ocrx_word' id='word_1_10' title='bbox 921 574 1033 644; x_wconf 89' lang='lat' dir='ltr'>nescio</span> <span class='ocrx_word' id='word_1_11' title='bbox 1055 597 1097 645; x_wconf 86' lang='lat' dir='ltr'>an</span> <span class='ocrx_word' id='word_1_12' title='bbox 1119 575 1161 645; x_wconf 82' lang='lat' dir='ltr'>ed</span> <span class='ocrx_word' id='word_1_13' title='bbox 1179 594 1300 644; x_wconf 87' lang='lat' dir='ltr'>senr-</span> 
     </span>
     <span class='ocr_line' id='line_1_3' title="bbox 178 676 1300 770; baseline -0.003 -22"><span class='ocrx_word' id='word_1_14' title='bbox 178 700 252 770; x_wconf 90' lang='lat' dir='ltr'>per</span> <span class='ocrx_word' id='word_1_15' title='bbox 276 680 501 750; x_wconf 83' lang='lat' dir='ltr'>florentem</span> <span class='ocrx_word' id='word_1_16' title='bbox 526 678 745 748; x_wconf 88' lang='lat' dir='ltr'>Homerum</span> <span class='ocrx_word' id='word_1_17' title='bbox 776 676 830 764; x_wconf 86' lang='lat' dir='ltr'>(ef.</span> <span class='ocrx_word' id='word_1_18' title='bbox 851 678 939 747; x_wconf 90' lang='lat' dir='ltr'>Ann.</span> <span class='ocrx_word' id='word_1_19' title='bbox 957 679 971 749; x_wconf 96' lang='lat' dir='ltr'>I</span> <span class='ocrx_word' id='word_1_20' title='bbox 989 680 1028 749; x_wconf 88' lang='lat' dir='ltr'>lr.</span> <span class='ocrx_word' id='word_1_21' title='bbox 1047 679 1106 768; x_wconf 82' lang='lat' dir='ltr'>IX)</span> <span class='ocrx_word' id='word_1_22' title='bbox 1130 678 1300 770; x_wconf 82' lang='lat' dir='ltr'>pertineat</span> 
     </span>
    </p>
   </div>
   <div class='ocr_carea' id='block_1_3' title="bbox 683 811 782 883">
    <p class='ocr_par' dir='ltr' id='par_1_3' title="bbox 683 811 782 883">
     <span class='ocr_line' id='line_1_4' title="bbox 683 811 782 883; baseline -0.02 0"><span class='ocrx_word' id='word_1_23' title='bbox 683 811 782 883; x_wconf 85' lang='lat' dir='ltr'>XXV</span> 
     </span>
    </p>
   </div>
   <div class='ocr_carea' id='block_1_4' title="bbox 179 909 1417 1819">
    <p class='ocr_par' dir='ltr' id='par_1_4' title="bbox 179 909 1417 1819">
     <span class='ocr_line' id='line_1_5' title="bbox 268 909 1417 1010; baseline -0.003 -21"><span class='ocrx_word' id='word_1_24' title='bbox 268 909 421 990; x_wconf 80' lang='lat' dir='ltr'>&#39;Seruius</span> <span class='ocrx_word' id='word_1_25' title='bbox 448 918 481 987; x_wconf 95' lang='lat' dir='ltr'>in</span> <span class='ocrx_word' id='word_1_26' title='bbox 507 919 590 988; x_wconf 85' lang='lat' dir='ltr'>Aen.</span> <span class='ocrx_word' id='word_1_27' title='bbox 609 915 693 986; x_wconf 83' lang='lat' dir='ltr'>lvo</span> <span class='ocrx_word' id='word_1_28' title='bbox 722 916 802 986; x_wconf 90' lang='lat' dir='ltr'>‘hoc</span> <span class='ocrx_word' id='word_1_29' title='bbox 822 914 907 986; x_wconf 89' lang='lat' dir='ltr'>enirn</span> <span class='ocrx_word' id='word_1_30' title='bbox 926 918 1068 989; x_wconf 82' lang='lat' dir='ltr'>maiores</span> <span class='ocrx_word' id='word_1_31' title='bbox 1090 919 1176 989; x_wconf 90' lang='lat' dir='ltr'>inter</span> <span class='ocrx_word' id='word_1_32' title='bbox 1199 916 1300 1010; x_wconf 83' lang='lat' dir='ltr'>uigi-</span> <span class='ocrx_word' id='word_1_33' title='bbox 1416 963 1417 967; x_wconf 52' lang='lat'><em>=</em></span> 
     </span>
     <span class='ocr_line' id='line_1_6' title="bbox 179 1019 1309 1116; baseline -0.002 -23"><span class='ocrx_word' id='word_1_34' title='bbox 179 1023 241 1093; x_wconf 88' lang='lat' dir='ltr'>lias</span> <span class='ocrx_word' id='word_1_35' title='bbox 264 1026 297 1092; x_wconf 86' lang='lat' dir='ltr'>et</span> <span class='ocrx_word' id='word_1_36' title='bbox 316 1046 356 1093; x_wconf 83' lang='lat' dir='ltr'>ea</span> <span class='ocrx_word' id='word_1_37' title='bbox 374 1045 460 1116; x_wconf 86' lang='lat' dir='ltr'>quae</span> <span class='ocrx_word' id='word_1_38' title='bbox 477 1023 628 1091; x_wconf 86' lang='lat' dir='ltr'>uidemus</span> <span class='ocrx_word' id='word_1_39' title='bbox 651 1019 823 1090; x_wconf 91' lang='lat' dir='ltr'>insomnis</span> <span class='ocrx_word' id='word_1_40' title='bbox 844 1021 928 1091; x_wconf 90' lang='lat' dir='ltr'>inter</span> <span class='ocrx_word' id='word_1_41' title='bbox 949 1044 1025 1094; x_wconf 89' lang='lat' dir='ltr'>esse</span> <span class='ocrx_word' id='word_1_42' title='bbox 1041 1022 1230 1107; x_wconf 87' lang='lat' dir='ltr'>uoluerunt,</span> <span class='ocrx_word' id='word_1_43' title='bbox 1262 1025 1309 1091; x_wconf 81' lang='lat' dir='ltr'>ut,</span> 
     </span>
     <span class='ocr_line' id='line_1_7' title="bbox 180 1122 1299 1220; baseline -0.004 -24"><span class='ocrx_word' id='word_1_44' title='bbox 180 1126 388 1196; x_wconf 84' lang='lat' dir='ltr'>insomnia</span> <span class='ocrx_word' id='word_1_45' title='bbox 424 1126 558 1218; x_wconf 83' lang='lat' dir='ltr'>generis</span> <span class='ocrx_word' id='word_1_46' title='bbox 591 1122 737 1194; x_wconf 89' lang='lat' dir='ltr'>feminini</span> <span class='ocrx_word' id='word_1_47' title='bbox 774 1125 901 1193; x_wconf 86' lang='lat' dir='ltr'>numeri</span> <span class='ocrx_word' id='word_1_48' title='bbox 934 1127 1115 1220; x_wconf 82' lang='lat' dir='ltr'>singularis</span> <span class='ocrx_word' id='word_1_49' title='bbox 1144 1125 1299 1217; x_wconf 82' lang='lat' dir='ltr'>uigiliam</span> 
     </span>
     <span class='ocr_line' id='line_1_8' title="bbox 180 1228 1298 1324; baseline -0.003 -25"><span class='ocrx_word' id='word_1_50' title='bbox 180 1231 393 1324; x_wconf 83' lang='lat' dir='ltr'>significaret,</span> <span class='ocrx_word' id='word_1_51' title='bbox 409 1229 572 1299; x_wconf 85' lang='lat' dir='ltr'>insomnia</span> <span class='ocrx_word' id='word_1_52' title='bbox 586 1249 666 1297; x_wconf 91' lang='lat' dir='ltr'>uero</span> <span class='ocrx_word' id='word_1_53' title='bbox 682 1228 816 1321; x_wconf 80' lang='lat' dir='ltr'>generis</span> <span class='ocrx_word' id='word_1_54' title='bbox 828 1230 935 1299; x_wconf 79' lang='lat' dir='ltr'>neutri</span> <span class='ocrx_word' id='word_1_55' title='bbox 950 1231 1075 1301; x_wconf 88' lang='lat' dir='ltr'>numeri</span> <span class='ocrx_word' id='word_1_56' title='bbox 1090 1229 1228 1320; x_wconf 83' lang='lat' dir='ltr'>pluralis</span> <span class='ocrx_word' id='word_1_57' title='bbox 1245 1250 1298 1311; x_wconf 84' lang='lat' dir='ltr'>ea,</span> 
     </span>
     <span class='ocr_line' id='line_1_9' title="bbox 181 1331 1300 1427; baseline -0.004 -23"><span class='ocrx_word' id='word_1_58' title='bbox 181 1356 267 1427; x_wconf 82' lang='lat' dir='ltr'>quae</span> <span class='ocrx_word' id='word_1_59' title='bbox 279 1357 339 1426; x_wconf 88' lang='lat' dir='ltr'>per</span> <span class='ocrx_word' id='word_1_60' title='bbox 354 1333 515 1403; x_wconf 88' lang='lat' dir='ltr'>somnium</span> <span class='ocrx_word' id='word_1_61' title='bbox 530 1332 699 1417; x_wconf 87' lang='lat' dir='ltr'>uidemus,</span> <span class='ocrx_word' id='word_1_62' title='bbox 721 1340 773 1400; x_wconf 89' lang='lat' dir='ltr'>ut:</span> <span class='ocrx_word' id='word_1_63' title='bbox 794 1331 853 1401; x_wconf 88' lang='lat' dir='ltr'>sed</span> <span class='ocrx_word' id='word_1_64' title='bbox 869 1333 953 1404; x_wconf 77' lang='lat' dir='ltr'>falsa</span> <span class='ocrx_word' id='word_1_65' title='bbox 967 1335 1008 1405; x_wconf 85' lang='lat' dir='ltr'>ad</span> <span class='ocrx_word' id='word_1_66' title='bbox 1023 1333 1148 1404; x_wconf 82' lang='lat' dir='ltr'>caelum</span> <span class='ocrx_word' id='word_1_67' title='bbox 1165 1332 1300 1401; x_wconf 90' lang='lat' dir='ltr'>mittunt</span> 
     </span>
     <span class='ocr_line' id='line_1_10' title="bbox 181 1433 1298 1531; baseline -0.003 -24"><span class='ocrx_word' id='word_1_68' title='bbox 181 1437 344 1508; x_wconf 83' lang='lat' dir='ltr'>insomnia</span> <span class='ocrx_word' id='word_1_69' title='bbox 365 1459 478 1506; x_wconf 87' lang='lat' dir='ltr'>manes</span> <span class='ocrx_word' id='word_1_70' title='bbox 505 1436 600 1528; x_wconf 83' lang='lat' dir='ltr'>[Aen.</span> <span class='ocrx_word' id='word_1_71' title='bbox 622 1435 670 1504; x_wconf 94' lang='lat' dir='ltr'>VI</span> <span class='ocrx_word' id='word_1_72' title='bbox 689 1433 774 1526; x_wconf 71' lang='lat'><strong>8971.</strong></span> <span class='ocrx_word' id='word_1_73' title='bbox 821 1433 999 1508; x_wconf 82' lang='lat' dir='ltr'>Sciendum</span> <span class='ocrx_word' id='word_1_74' title='bbox 1022 1439 1139 1531; x_wconf 86' lang='lat' dir='ltr'>igitur:</span> <span class='ocrx_word' id='word_1_75' title='bbox 1169 1434 1298 1528; x_wconf 78' lang='lat' dir='ltr'>quiesi</span> 
     </span>
     <span class='ocr_line' id='line_1_11' title="bbox 181 1537 1298 1632; baseline -0.003 -22"><span class='ocrx_word' id='word_1_76' title='bbox 181 1544 282 1610; x_wconf 89' lang='lat' dir='ltr'>terret</span> <span class='ocrx_word' id='word_1_77' title='bbox 307 1540 504 1624; x_wconf 75' lang='lat' dir='ltr'>diuerirnuS,</span> <span class='ocrx_word' id='word_1_78' title='bbox 533 1541 667 1632; x_wconf 85' lang='lat' dir='ltr'>antiqua</span> <span class='ocrx_word' id='word_1_79' title='bbox 689 1537 751 1607; x_wconf 87' lang='lat' dir='ltr'>erit</span> <span class='ocrx_word' id='word_1_80' title='bbox 775 1538 928 1610; x_wconf 78' lang='lat' dir='ltr'>elocutio.</span> <span class='ocrx_word' id='word_1_81' title='bbox 975 1541 1186 1611; x_wconf 85' lang='lat' dir='ltr'>Insomnia</span> <span class='ocrx_word' id='word_1_82' title='bbox 1209 1539 1298 1608; x_wconf 90' lang='lat' dir='ltr'>enirn</span> 
     </span>
     <span class='ocr_line' id='line_1_12' title="bbox 181 1641 1299 1735; baseline -0.004 -20"><span class='ocrx_word' id='word_1_83' title='bbox 181 1645 257 1715; x_wconf 88' lang='lat' dir='ltr'>licet</span> <span class='ocrx_word' id='word_1_84' title='bbox 287 1648 319 1714; x_wconf 87' lang='lat' dir='ltr'>et</span> <span class='ocrx_word' id='word_1_85' title='bbox 347 1644 513 1715; x_wconf 84' lang='lat' dir='ltr'>Pacuuius</span> <span class='ocrx_word' id='word_1_86' title='bbox 546 1647 578 1712; x_wconf 92' lang='lat' dir='ltr'>et</span> <span class='ocrx_word' id='word_1_87' title='bbox 606 1641 733 1712; x_wconf 86' lang='lat' dir='ltr'>Ennius</span> <span class='ocrx_word' id='word_1_88' title='bbox 762 1642 953 1735; x_wconf 85' lang='lat' dir='ltr'>frequenter</span> <span class='ocrx_word' id='word_1_89' title='bbox 977 1646 1134 1729; x_wconf 86' lang='lat' dir='ltr'>dixerint,</span> <span class='ocrx_word' id='word_1_90' title='bbox 1167 1643 1299 1713; x_wconf 88' lang='lat' dir='ltr'>Plinius</span> 
     </span>
     <span class='ocr_line' id='line_1_13' title="bbox 181 1744 824 1819; baseline -0.008 -1"><span class='ocrx_word' id='word_1_91' title='bbox 181 1751 293 1818; x_wconf 82' lang='lat' dir='ltr'>tamen</span> <span class='ocrx_word' id='word_1_92' title='bbox 311 1747 452 1819; x_wconf 84' lang='lat' dir='ltr'>exclusit</span> <span class='ocrx_word' id='word_1_93' title='bbox 472 1747 564 1817; x_wconf 90' lang='lat' dir='ltr'>etde</span> <span class='ocrx_word' id='word_1_94' title='bbox 582 1768 646 1816; x_wconf 90' lang='lat' dir='ltr'>usu</span> <span class='ocrx_word' id='word_1_95' title='bbox 665 1744 824 1814; x_wconf 69' lang='lat' dir='ltr'>remouit!</span> 
     </span>
    </p>
   </div>
   <div class='ocr_carea' id='block_1_5' title="bbox 685 1881 798 1950">
    <p class='ocr_par' dir='ltr' id='par_1_5' title="bbox 685 1881 798 1950">
     <span class='ocr_line' id='line_1_14' title="bbox 685 1881 798 1950; baseline -0.009 0"><span class='ocrx_word' id='word_1_96' title='bbox 685 1881 798 1950; x_wconf 86' lang='lat' dir='ltr'>XXVI</span> 
     </span>
    </p>
   </div>
   <div class='ocr_carea' id='block_1_6' title="bbox 182 1983 1299 2286">
    <p class='ocr_par' dir='ltr' id='par_1_6' title="bbox 182 1983 1299 2286">
     <span class='ocr_line' id='line_1_15' title="bbox 287 1983 1298 2081; baseline -0.001 -24"><span class='ocrx_word' id='word_1_97' title='bbox 287 1986 401 2057; x_wconf 85' lang='lat' dir='ltr'>Cicero</span> <span class='ocrx_word' id='word_1_98' title='bbox 417 1987 457 2057; x_wconf 90' lang='lat' dir='ltr'>de</span> <span class='ocrx_word' id='word_1_99' title='bbox 471 1987 537 2081; x_wconf 83' lang='lat' dir='ltr'>leg.</span> <span class='ocrx_word' id='word_1_100' title='bbox 550 1986 578 2056; x_wconf 97' lang='lat' dir='ltr'>II</span> <span class='ocrx_word' id='word_1_101' title='bbox 593 1995 644 2072; x_wconf 84' lang='lat'>27,</span> <span class='ocrx_word' id='word_1_102' title='bbox 660 1995 699 2057; x_wconf 85' lang='lat'>68</span> <span class='ocrx_word' id='word_1_103' title='bbox 718 1983 847 2055; x_wconf 88' lang='lat' dir='ltr'>‘herois</span> <span class='ocrx_word' id='word_1_104' title='bbox 861 1985 1024 2070; x_wconf 68' lang='lat' dir='ltr'>uersibus</span> <span class='ocrx_word' id='word_1_105' title='bbox 1040 2009 1124 2080; x_wconf 92' lang='lat' dir='ltr'>quos</span> <span class='ocrx_word' id='word_1_106' title='bbox 1140 1986 1298 2080; x_wconf 86' lang='lat' dir='ltr'>longos</span> 
     </span>
     <span class='ocr_line' id='line_1_16' title="bbox 183 2086 1299 2182; baseline 0.001 -23"><span class='ocrx_word' id='word_1_107' title='bbox 183 2090 326 2182; x_wconf 82' lang='lat' dir='ltr'>appellat</span> <span class='ocrx_word' id='word_1_108' title='bbox 341 2091 487 2161; x_wconf 62' lang='lat' dir='ltr'>Ennius?</span> <span class='ocrx_word' id='word_1_109' title='bbox 513 2090 661 2160; x_wconf 85' lang='lat' dir='ltr'>Isidorus</span> <span class='ocrx_word' id='word_1_110' title='bbox 677 2086 793 2181; x_wconf 62' lang='lat' dir='ltr'>origi</span> <span class='ocrx_word' id='word_1_111' title='bbox 808 2096 847 2158; x_wconf 86' lang='lat'>38</span> <span class='ocrx_word' id='word_1_112' title='bbox 864 2088 1092 2159; x_wconf 81' lang='lat' dir='ltr'>‘hexametros</span> <span class='ocrx_word' id='word_1_113' title='bbox 1107 2094 1219 2160; x_wconf 86' lang='lat' dir='ltr'>autem</span> <span class='ocrx_word' id='word_1_114' title='bbox 1227 2092 1299 2160; x_wconf 85' lang='lat' dir='ltr'>La-</span> 
     </span>
     <span class='ocr_line' id='line_1_17' title="bbox 182 2191 1298 2286; baseline 0.001 -23"><span class='ocrx_word' id='word_1_115' title='bbox 182 2195 271 2264; x_wconf 89' lang='lat' dir='ltr'>tinos</span> <span class='ocrx_word' id='word_1_116' title='bbox 286 2194 425 2284; x_wconf 86' lang='lat' dir='ltr'>primurn</span> <span class='ocrx_word' id='word_1_117' title='bbox 442 2194 560 2265; x_wconf 80' lang='lat' dir='ltr'>iecisse</span> <span class='ocrx_word' id='word_1_118' title='bbox 574 2193 701 2263; x_wconf 86' lang='lat' dir='ltr'>Ennius</span> <span class='ocrx_word' id='word_1_119' title='bbox 716 2191 856 2262; x_wconf 86' lang='lat' dir='ltr'>traditur</span> <span class='ocrx_word' id='word_1_120' title='bbox 871 2213 997 2286; x_wconf 87' lang='lat' dir='ltr'>eosque</span> <span class='ocrx_word' id='word_1_121' title='bbox 1012 2193 1163 2285; x_wconf 83' lang='lat' dir='ltr'>longos</span> <span class='ocrx_word' id='word_1_122' title='bbox 1178 2195 1298 2264; x_wconf 83' lang='lat' dir='ltr'>uocnt’</span> 
     </span>
    </p>
   </div>
   <div class='ocr_carea' id='block_1_7' title="bbox 672 2310 800 2382">
    <p class='ocr_par' dir='ltr' id='par_1_7' title="bbox 672 2310 800 2382">
     <span class='ocr_line' id='line_1_18' title="bbox 672 2310 800 2382; baseline 0 -2"><span class='ocrx_word' id='word_1_123' title='bbox 672 2310 800 2382; x_wconf 88' lang='lat' dir='ltr'>XXVII</span> 
     </span>
    </p>
   </div>
   <div class='ocr_carea' id='block_1_8' title="bbox 183 2412 1299 2587">
    <p class='ocr_par' dir='ltr' id='par_1_8' title="bbox 183 2412 1299 2587">
     <span class='ocr_line' id='line_1_19' title="bbox 287 2412 1299 2508; baseline 0.001 -25"><span class='ocrx_word' id='word_1_124' title='bbox 287 2412 425 2483; x_wconf 90' lang='lat' dir='ltr'>Seruius</span> <span class='ocrx_word' id='word_1_125' title='bbox 451 2413 484 2482; x_wconf 94' lang='lat' dir='ltr'>in</span> <span class='ocrx_word' id='word_1_126' title='bbox 512 2416 595 2484; x_wconf 80' lang='lat' dir='ltr'>Aen.</span> <span class='ocrx_word' id='word_1_127' title='bbox 621 2414 634 2484; x_wconf 97' lang='lat' dir='ltr'>I</span> <span class='ocrx_word' id='word_1_128' title='bbox 661 2424 702 2486; x_wconf 83' lang='lat'>26</span> <span class='ocrx_word' id='word_1_129' title='bbox 738 2417 958 2505; x_wconf 90' lang='lat' dir='ltr'>‘repostus</span> <span class='ocrx_word' id='word_1_130' title='bbox 990 2419 1022 2485; x_wconf 91' lang='lat' dir='ltr'>et</span> <span class='ocrx_word' id='word_1_131' title='bbox 1052 2414 1223 2508; x_wconf 86' lang='lat' dir='ltr'>porgite</span> <span class='ocrx_word' id='word_1_132' title='bbox 1257 2415 1299 2484; x_wconf 88' lang='lat' dir='ltr'>de</span> 
     </span>
     <span class='ocr_line' id='line_1_20' title="bbox 183 2514 496 2587; baseline 0.003 -3"><span class='ocrx_word' id='word_1_133' title='bbox 183 2514 296 2586; x_wconf 85' lang='lat' dir='ltr'>Ennio·</span> <span class='ocrx_word' id='word_1_134' title='bbox 311 2516 496 2587; x_wconf 65' lang='lat' dir='ltr'>transtulit!</span> 
     </span>
    </p>
   </div>
   <div class='ocr_carea' id='block_1_9' title="bbox 177 2721 1302 3434">
    <p class='ocr_par' dir='ltr' id='par_1_9' title="bbox 178 2721 1301 3211">
     <span class='ocr_line' id='line_1_21' title="bbox 287 2721 1300 2812; baseline 0.004 -22"><span class='ocrx_word' id='word_1_135' title='bbox 287 2721 410 2791; x_wconf 79' lang='lat' dir='ltr'>Burthii</span> <span class='ocrx_word' id='word_1_136' title='bbox 445 2721 551 2810; x_wconf 85' lang='lat' dir='ltr'>(Adu.</span> <span class='ocrx_word' id='word_1_137' title='bbox 574 2722 715 2793; x_wconf 91' lang='lat' dir='ltr'>XXXIII</span> <span class='ocrx_word' id='word_1_138' title='bbox 745 2724 802 2812; x_wconf 85' lang='lat'>13)</span> <span class='ocrx_word' id='word_1_139' title='bbox 842 2722 951 2793; x_wconf 91' lang='lat' dir='ltr'>Gloss.</span> <span class='ocrx_word' id='word_1_140' title='bbox 982 2726 1022 2794; x_wconf 83' lang='lat' dir='ltr'>ad</span> <span class='ocrx_word' id='word_1_141' title='bbox 1055 2724 1138 2794; x_wconf 88' lang='lat' dir='ltr'>Aen.</span> <span class='ocrx_word' id='word_1_142' title='bbox 1167 2724 1230 2794; x_wconf 95' lang='lat' dir='ltr'>XII</span> <span class='ocrx_word' id='word_1_143' title='bbox 1261 2734 1300 2794; x_wconf 83' lang='lat'>19</span> 
     </span>
     <span class='ocr_line' id='line_1_22' title="bbox 178 2824 1300 2919; baseline 0.002 -24"><span class='ocrx_word' id='word_1_144' title='bbox 178 2824 228 2915; x_wconf 87' lang='lat' dir='ltr'>·(II</span> <span class='ocrx_word' id='word_1_145' title='bbox 249 2846 280 2917; x_wconf 87' lang='lat' dir='ltr'>p.</span> <span class='ocrx_word' id='word_1_146' title='bbox 296 2825 493 2917; x_wconf 31' lang='lat' dir='ltr'>.371‡Li0n.)</span> <span class='ocrx_word' id='word_1_147' title='bbox 522 2832 560 2896; x_wconf 88' lang='lat' dir='ltr'>‘o</span> <span class='ocrx_word' id='word_1_148' title='bbox 583 2829 756 2918; x_wconf 80' lang='lat' dir='ltr'>praestans</span> <span class='ocrx_word' id='word_1_149' title='bbox 770 2825 873 2895; x_wconf 81' lang='lat' dir='ltr'>¹animi</span> <span class='ocrx_word' id='word_1_150' title='bbox 901 2828 1047 2898; x_wconf 89' lang='lat' dir='ltr'>iuuenis:</span> <span class='ocrx_word' id='word_1_151' title='bbox 1075 2832 1127 2898; x_wconf 90' lang='lat' dir='ltr'>est</span> <span class='ocrx_word' id='word_1_152' title='bbox 1150 2830 1300 2919; x_wconf 88' lang='lat' dir='ltr'>prudens</span> 
     </span>
     <span class='ocr_line' id='line_1_23' title="bbox 185 2928 1301 3023; baseline 0.005 -26"><span class='ocrx_word' id='word_1_153' title='bbox 185 2929 275 2998; x_wconf 86' lang='lat' dir='ltr'>senis</span> <span class='ocrx_word' id='word_1_154' title='bbox 292 2928 411 2998; x_wconf 82' lang='lat' dir='ltr'>dictum</span> <span class='ocrx_word' id='word_1_155' title='bbox 437 2968 489 2981; x_wconf 90' lang='lat'>-—</span> <span class='ocrx_word' id='word_1_156' title='bbox 515 2936 567 3001; x_wconf 85' lang='lat' dir='ltr'>est</span> <span class='ocrx_word' id='word_1_157' title='bbox 588 2953 669 3001; x_wconf 90' lang='lat' dir='ltr'>uero</span> <span class='ocrx_word' id='word_1_158' title='bbox 693 2952 737 2999; x_wconf 81' lang='lat' dir='ltr'>ex</span> <span class='ocrx_word' id='word_1_159' title='bbox 758 2944 841 3000; x_wconf 77' lang='lat' dir='ltr'>seno</span> <span class='ocrx_word' id='word_1_160' title='bbox 861 2929 984 3003; x_wconf 82' lang='lat' dir='ltr'>Ennio&#39;</span> <span class='ocrx_word' id='word_1_161' title='bbox 1012 2933 1126 3023; x_wconf 87' lang='lat' dir='ltr'>(immo</span> <span class='ocrx_word' id='word_1_162' title='bbox 1145 2954 1195 3002; x_wconf 86' lang='lat' dir='ltr'>ex</span> <span class='ocrx_word' id='word_1_163' title='bbox 1214 2932 1301 3003; x_wconf 81' lang='lat' dir='ltr'>En-</span> 
     </span>
     <span class='ocr_line' id='line_1_24' title="bbox 184 3033 1213 3125; baseline 0.002 -25"><span class='ocrx_word' id='word_1_164' title='bbox 184 3033 273 3125; x_wconf 88' lang='lat' dir='ltr'>nio)</span> <span class='ocrx_word' id='word_1_165' title='bbox 299 3033 531 3103; x_wconf 71' lang='lat' dir='ltr'>‘translatum’</span> <span class='ocrx_word' id='word_1_166' title='bbox 809 3062 812 3069; x_wconf 96' lang='lat'>·</span> <span class='ocrx_word' id='word_1_167' title='bbox 853 3090 857 3101; x_wconf 88' lang='lat'>.</span> <span class='ocrx_word' id='word_1_168' title='bbox 1209 3052 1213 3057; x_wconf 86' lang='lat'>·</span> 
     </span>
     <span class='ocr_line' id='line_1_25' title="bbox 195 3134 796 3211; baseline 0.005 -9"><span class='ocrx_word' id='word_1_169' title='bbox 195 3140 197 3146; x_wconf 84' lang='lat'>&#39;</span> <span class='ocrx_word' id='word_1_170' title='bbox 356 3194 367 3211; x_wconf 68' lang='grc'><em>,</em></span> <span class='ocrx_word' id='word_1_171' title='bbox 420 3138 423 3143; x_wconf 75' lang='grc'>’</span> <span class='ocrx_word' id='word_1_172' title='bbox 550 3165 564 3197; x_wconf 68' lang='grc' dir='ltr'><strong><em>κ</em></strong></span> <span class='ocrx_word' id='word_1_173' title='bbox 645 3134 647 3138; x_wconf 79' lang='grc'><strong>’</strong></span> <span class='ocrx_word' id='word_1_174' title='bbox 685 3134 796 3205; x_wconf 93' lang='lat' dir='ltr'>XXIX</span> 
     </span>
    </p>

    <p class='ocr_par' dir='ltr' id='par_1_10' title="bbox 177 3228 1302 3434">
     <span class='ocr_line' id='line_1_26' title="bbox 286 3228 1302 3331; baseline 0.003 -24"><span class='ocrx_word' id='word_1_175' title='bbox 286 3228 407 3329; x_wconf 71' lang='lat' dir='ltr'>Festus</span> <span class='ocrx_word' id='word_1_176' title='bbox 422 3261 454 3331; x_wconf 90' lang='lat' dir='ltr'>p.</span> <span class='ocrx_word' id='word_1_177' title='bbox 468 3247 532 3308; x_wconf 77' lang='lat'>277</span> <span class='ocrx_word' id='word_1_178' title='bbox 546 3240 588 3308; x_wconf 89' lang='grc' dir='ltr'>Μ.</span> <span class='ocrx_word' id='word_1_179' title='bbox 617 3237 959 3330; x_wconf 85' lang='lat' dir='ltr'>‘[re]morbescat</span> <span class='ocrx_word' id='word_1_180' title='bbox 982 3237 1122 3330; x_wconf 85' lang='lat' dir='ltr'>En[nius</span> <span class='ocrx_word' id='word_1_181' title='bbox 1143 3240 1302 3330; x_wconf 87' lang='lat' dir='ltr'>posuisse</span> 
     </span>
     <span class='ocr_line' id='line_1_27' title="bbox 177 3340 818 3434; baseline -0.012 -16"><span class='ocrx_word' id='word_1_182' title='bbox 177 3342 316 3418; x_wconf 77' lang='lat' dir='ltr'>,uidetur</span> <span class='ocrx_word' id='word_1_183' title='bbox 335 3356 396 3434; x_wconf 83' lang='lat' dir='ltr'>pr&#39;o</span> <span class='ocrx_word' id='word_1_184' title='bbox 420 3342 451 3412; x_wconf 92' lang='lat' dir='ltr'>in</span> <span class='ocrx_word' id='word_1_185' title='bbox 473 3343 635 3434; x_wconf 75' lang='lat' dir='ltr'>morlbum</span> <span class='ocrx_word' id='word_1_186' title='bbox 657 3340 818 3411; x_wconf 67' lang='lat' dir='ltr'>reccidat?</span> 
     </span>
    </p>
   </div>
   <div class='ocr_carea' id='block_1_10' title="bbox 85 3574 1362 4387">
    <p class='ocr_par' dir='ltr' id='par_1_11' title="bbox 85 3574 1362 4387">
     <span class='ocr_line' id='line_1_28' title="bbox 288 3574 1360 3661; baseline 0.008 -17"><span class='ocrx_word' id='word_1_187' title='bbox 288 3574 426 3645; x_wconf 90' lang='lat' dir='ltr'>Seruius</span> <span class='ocrx_word' id='word_1_188' title='bbox 446 3577 478 3645; x_wconf 92' lang='lat' dir='ltr'>in</span> <span class='ocrx_word' id='word_1_189' title='bbox 504 3580 585 3648; x_wconf 82' lang='lat' dir='ltr'>Aen.</span> <span class='ocrx_word' id='word_1_190' title='bbox 604 3580 705 3649; x_wconf 85' lang='lat'><strong>11173</strong></span> <span class='ocrx_word' id='word_1_191' title='bbox 734 3580 862 3650; x_wconf 87' lang='lat' dir='ltr'>‘salsus</span> <span class='ocrx_word' id='word_1_192' title='bbox 884 3580 988 3649; x_wconf 89' lang='lat' dir='ltr'>sudor</span> <span class='ocrx_word' id='word_1_193' title='bbox 1086 3580 1196 3650; x_wconf 86' lang='lat' dir='ltr'>Probo</span> <span class='ocrx_word' id='word_1_194' title='bbox 1219 3604 1303 3653; x_wconf 83' lang='lat' dir='ltr'>sane</span> <span class='ocrx_word' id='word_1_195' title='bbox 1323 3620 1360 3661; x_wconf 82' lang='lat'>›.</span> 
     </span>
     <span class='ocr_line' id='line_1_29' title="bbox 187 3677 1362 3777; baseline 0.012 -32"><span class='ocrx_word' id='word_1_196' title='bbox 187 3677 337 3768; x_wconf 89' lang='lat' dir='ltr'>displicet</span> <span class='ocrx_word' id='word_1_197' title='bbox 358 3678 469 3748; x_wconf 81' lang='lat' dir='ltr'>salsus</span> <span class='ocrx_word' id='word_1_198' title='bbox 490 3683 593 3752; x_wconf 90' lang='lat' dir='ltr'>sudor</span> <span class='ocrx_word' id='word_1_199' title='bbox 616 3687 648 3751; x_wconf 88' lang='lat' dir='ltr'>et</span> <span class='ocrx_word' id='word_1_200' title='bbox 663 3705 871 3774; x_wconf 83' lang='lat' dir='ltr'>superuucue</span> <span class='ocrx_word' id='word_1_201' title='bbox 892 3683 1034 3774; x_wconf 88' lang='lat' dir='ltr'>positum</span> <span class='ocrx_word' id='word_1_202' title='bbox 1052 3683 1201 3759; x_wconf 86' lang='lat' dir='ltr'>uidetur.¹</span> <span class='ocrx_word' id='word_1_203' title='bbox 1228 3686 1309 3777; x_wconf 73' lang='lat' dir='ltr'>Hoq</span> <span class='ocrx_word' id='word_1_204' title='bbox 1333 3694 1362 3773; x_wconf 61' lang='grc' dir='ltr'>ξ’</span> 
     </span>
     <span class='ocr_line' id='line_1_30' title="bbox 166 3778 1298 3861; baseline 0.011 -12"><span class='ocrx_word' id='word_1_205' title='bbox 166 3778 295 3856; x_wconf 71' lang='lat' dir='ltr'>,eutem</span> <span class='ocrx_word' id='word_1_206' title='bbox 321 3782 448 3851; x_wconf 83' lang='lat' dir='ltr'>Ennius</span> <span class='ocrx_word' id='word_1_207' title='bbox 474 3785 516 3854; x_wconf 87' lang='lat' dir='ltr'>de</span> <span class='ocrx_word' id='word_1_208' title='bbox 539 3786 657 3855; x_wconf 88' lang='lat' dir='ltr'>lamis</span> <span class='ocrx_word' id='word_1_209' title='bbox 683 3786 784 3856; x_wconf 67' lang='lat' dir='ltr'>dixit?</span> <span class='ocrx_word' id='word_1_210' title='bbox 831 3787 887 3857; x_wconf 82' lang='lat' dir='ltr'>An</span> <span class='ocrx_word' id='word_1_211' title='bbox 922 3787 971 3856; x_wconf 94' lang='lat' dir='ltr'>de</span> <span class='ocrx_word' id='word_1_212' title='bbox 1005 3788 1217 3858; x_wconf 83' lang='lat' dir='ltr'>lacrimis?</span> <span class='ocrx_word' id='word_1_213' title='bbox 1259 3806 1298 3861; x_wconf 76' lang='lat' dir='ltr'>c&#39;</span> 
     </span>
     <span class='ocr_line' id='line_1_31' title="bbox 186 3868 1339 3954; baseline 0.009 -2"><span class='ocrx_word' id='word_1_214' title='bbox 186 3885 305 3954; x_wconf 82' lang='lat' dir='ltr'>Annl</span> <span class='ocrx_word' id='word_1_215' title='bbox 330 3886 368 3954; x_wconf 91' lang='lat' dir='ltr'>lr.</span> <span class='ocrx_word' id='word_1_216' title='bbox 387 3886 432 3954; x_wconf 96' lang='lat' dir='ltr'>IX</span> <span class='ocrx_word' id='word_1_217' title='bbox 566 3938 570 3943; x_wconf 84' lang='lat'><em>-</em></span> <span class='ocrx_word' id='word_1_218' title='bbox 858 3879 861 3887; x_wconf 50' lang='lat'>¹</span> <span class='ocrx_word' id='word_1_219' title='bbox 1288 3868 1339 3903; x_wconf 41' lang='lat'>&#39;&#39;⁴‘&#39;</span> 
     </span>
     <span class='ocr_line' id='line_1_32' title="bbox 687 3990 797 4060; baseline 0 0"><span class='ocrx_word' id='word_1_220' title='bbox 687 3990 797 4060; x_wconf 94' lang='lat' dir='ltr'>XXXI</span> 
     </span>
     <span class='ocr_line' id='line_1_33' title="bbox 289 4086 1307 4184; baseline 0.01 -26"><span class='ocrx_word' id='word_1_221' title='bbox 289 4086 403 4159; x_wconf 88' lang='lat' dir='ltr'>Cicero</span> <span class='ocrx_word' id='word_1_222' title='bbox 419 4113 479 4180; x_wconf 93' lang='lat' dir='ltr'>pro</span> <span class='ocrx_word' id='word_1_223' title='bbox 494 4091 616 4161; x_wconf 80' lang='lat' dir='ltr'>Archia</span> <span class='ocrx_word' id='word_1_224' title='bbox 632 4117 662 4184; x_wconf 93' lang='lat' dir='ltr'>p.</span> <span class='ocrx_word' id='word_1_225' title='bbox 672 4102 701 4179; x_wconf 86' lang='lat'>8,</span> <span class='ocrx_word' id='word_1_226' title='bbox 721 4103 759 4164; x_wconf 86' lang='lat'>18</span> <span class='ocrx_word' id='word_1_227' title='bbox 785 4102 866 4163; x_wconf 90' lang='lat' dir='ltr'>‘suo</span> <span class='ocrx_word' id='word_1_228' title='bbox 889 4095 958 4163; x_wconf 91' lang='lat' dir='ltr'>iure</span> <span class='ocrx_word' id='word_1_229' title='bbox 973 4099 1087 4164; x_wconf 89' lang='lat' dir='ltr'>noster</span> <span class='ocrx_word' id='word_1_230' title='bbox 1103 4093 1158 4163; x_wconf 91' lang='lat' dir='ltr'>ille</span> <span class='ocrx_word' id='word_1_231' title='bbox 1172 4095 1307 4167; x_wconf 83' lang='lat' dir='ltr'>Ennius</span> 
     </span>
     <span class='ocr_line' id='line_1_34' title="bbox 85 4194 1352 4290; baseline 0.01 -31"><span class='ocrx_word' id='word_1_232' title='bbox 85 4220 104 4279; x_wconf 91' lang='lat'>&#39;.</span> <span class='ocrx_word' id='word_1_233' title='bbox 185 4195 355 4261; x_wconf 85' lang='lat' dir='ltr'>sanctos</span> <span class='ocrx_word' id='word_1_234' title='bbox 373 4194 516 4284; x_wconf 81' lang='lat' dir='ltr'>appellat</span> <span class='ocrx_word' id='word_1_235' title='bbox 535 4199 669 4285; x_wconf 76' lang='lat' dir='ltr'>poetas,</span> <span class='ocrx_word' id='word_1_236' title='bbox 693 4197 781 4290; x_wconf 82' lang='lat' dir='ltr'>quod</span> <span class='ocrx_word' id='word_1_237' title='bbox 802 4198 899 4289; x_wconf 82' lang='lat' dir='ltr'>quasi</span> <span class='ocrx_word' id='word_1_238' title='bbox 920 4199 1057 4267; x_wconf 86' lang='lat' dir='ltr'>deorum</span> <span class='ocrx_word' id='word_1_239' title='bbox 1078 4196 1192 4289; x_wconf 82' lang='lat' dir='ltr'>aliquo</span> <span class='ocrx_word' id='word_1_240' title='bbox 1215 4202 1309 4271; x_wconf 92' lang='lat' dir='ltr'>dono</span> <span class='ocrx_word' id='word_1_241' title='bbox 1341 4214 1352 4231; x_wconf 75' lang='lat'><strong>⁹</strong></span> 
     </span>
     <span class='ocr_line' id='line_1_35' title="bbox 185 4299 1109 4387; baseline 0.008 -25"><span class='ocrx_word' id='word_1_242' title='bbox 185 4299 285 4387; x_wconf 87' lang='lat' dir='ltr'>atque</span> <span class='ocrx_word' id='word_1_243' title='bbox 308 4319 442 4366; x_wconf 79' lang='lat' dir='ltr'>munere</span> <span class='ocrx_word' id='word_1_244' title='bbox 465 4300 680 4368; x_wconf 83' lang='lat' dir='ltr'>commendati</span> <span class='ocrx_word' id='word_1_245' title='bbox 703 4301 799 4370; x_wconf 90' lang='lat' dir='ltr'>nobis</span> <span class='ocrx_word' id='word_1_246' title='bbox 818 4323 898 4371; x_wconf 88' lang='lat' dir='ltr'>esse</span> <span class='ocrx_word' id='word_1_247' title='bbox 916 4300 1109 4371; x_wconf 65' lang='lat' dir='ltr'>uideantur!</span> 
     </span>
    </p>
   </div>
   <div class='ocr_carea' id='block_1_11' title="bbox 0 0 1428 4988">
    <p class='ocr_par' dir='ltr' id='par_1_12' title="bbox 0 0 1428 4988">
     <span class='ocr_line' id='line_1_36' title="bbox 0 0 1428 4988; baseline 0 0"><span class='ocrx_word' id='word_1_248' title='bbox 0 0 1428 4988; x_wconf 95' lang='lat' dir='ltr'> </span> 
     </span>
    </p>
   </div>
  </div>
 </body>
</html>
