2834 4988
195 393 257 461 170
637 397 865 456 evitantur

195 572 245 639 set
268 590 365 662 quam
386 567 566 653 Saturnus,
593 567 715 638 idcirco
732 569 765 637 et
782 567 871 659 quod
894 567 1026 638 uidebat
1046 573 1183 639 matrem
1207 572 1312 662 atque

194 694 329 743 sorores
352 693 431 742 suas
452 693 587 763 operam
607 671 686 741 dare
702 675 739 741 ut
755 670 919 741 Saturnus
940 676 1113 763 regnaret,
1142 673 1311 744 concessit

137 779 175 841 10
195 777 224 846 ei
248 779 284 844 ut
307 776 337 844 is
358 779 523 866 regnaret.
571 774 684 868 ltaque
707 779 824 865 pactus
845 779 896 844 est
921 797 995 844 cum
1016 775 1178 861 Saturno,
1205 777 1254 846 uti
1281 776 1310 845 si

195 880 273 973 quid
301 879 439 948 liberum
463 878 568 948 uirilis
596 900 700 948 sexus
728 878 758 947 ei
786 882 898 947 natum
924 883 1031 964 esset,
1065 903 1106 949 ne
1140 881 1308 949 educaret.

194 983 229 1053 ld
251 984 323 1052 eius
351 983 396 1051 rei
422 1004 525 1051 causa
545 982 637 1067 fecit,
665 980 712 1050 uti
733 982 774 1050 ad
802 1003 883 1051 suos
909 985 1032 1073 gnatos
1052 1005 1193 1076 regnum
1213 983 1310 1052 redi-

194 1090 253 1155 ret.
295 1086 376 1155 Turn
399 1084 541 1155 Saturno
560 1085 649 1154 filius
670 1085 726 1179 qui
745 1085 871 1176 primus
895 1089 1077 1173 natusest,
1106 1109 1180 1158 eum
1202 1109 1310 1156 neca·
1416 1138 1417 1176 q

194 1193 322 1258 uerunt.
359 1189 484 1258 Deinde
508 1189 674 1279 posterius
693 1188 759 1257 nati
780 1192 857 1257 sunt
875 1189 1015 1280 gemini,
1044 1191 1188 1282 luppiter
1206 1193 1309 1282 atque
1416 1188 1417 1191 ’

137 1299 175 1358 15
195 1293 285 1362 luno.
326 1293 407 1360 Tum
430 1292 586 1362 lunonem
604 1291 747 1362 Saturno
770 1292 804 1360 in
826 1296 1040 1383 conspectum
1064 1295 1184 1364 dedere
1206 1301 1309 1385 atque

193 1398 306 1467 louem
328 1396 410 1465 clam
437 1396 643 1465 abscondunt
670 1396 814 1488 dantque
840 1418 915 1465 eum
935 1397 1061 1466 Vestae
1089 1396 1307 1482 educandum,

193 1501 339 1570 celantes
372 1499 560 1569 Saturnum.
611 1499 690 1569 Item
722 1500 910 1590 Neptunum
946 1500 1029 1570 clam
1061 1500 1204 1572 Saturno
1235 1498 1309 1590 Ops

194 1604 294 1695 parit,
329 1626 470 1696 eumque
493 1602 676 1672 clanculum
704 1603 885 1673 abscondit.
937 1604 1149 1676 adeuntem
1170 1605 1309 1674 modum

193 1707 289 1777 tertio
325 1711 420 1797 partu
450 1705 521 1798 Ops
555 1707 640 1798 parit
677 1706 829 1798 geminos
862 1707 1035 1777 Plutonem
1070 1713 1103 1778 et
1136 1709 1306 1779 Glaucam.

134 1815 175 1875 20
193 1810 290 1881 Pluto
310 1810 424 1880 Latine
447 1815 498 1880 est
517 1809 576 1880 Dis
597 1813 708 1901 pater:
737 1810 792 1880 alii
809 1808 931 1881 Orcum
953 1816 1083 1881 uocant.
1130 1812 1176 1882 lbi
1196 1812 1308 1882 Glau-

193 1937 265 1984 cam
292 1914 393 1984 filiam
417 1914 560 1984 Saturno
589 1914 781 1999 ostendunt,
814 1919 848 1985 at
871 1914 975 1985 filium
997 1915 1171 1988 Plutonem
1198 1916 1310 1987 celant

192 2022 291 2111 atque
314 2017 529 2088 abscondunt.
568 2018 693 2087 Deinde
716 2017 840 2088 Glauca
866 2042 970 2110 parua
998 2020 1164 2090 emoritur.
1214 2020 1309 2090 Haec

191 2126 228 2191 ut
248 2120 370 2213 scripta
392 2130 468 2191 sunt
488 2122 577 2190 louis
600 2123 803 2215 fratrumque
833 2123 904 2192 eius
926 2122 1027 2213 stirps
1049 2127 1148 2216 atque
1172 2146 1308 2215 cogua-

191 2225 237 2297 tio
256 2226 290 2294 in
310 2225 397 2295 hunc
418 2225 551 2295 modum
575 2226 669 2296 nobis
689 2248 733 2295 ex
751 2247 847 2295 sacra
866 2225 1043 2317 scriptione
1064 2227 1182 2296 tradita
1201 2230 1263 2297 est.

723 2376 771 2445 lV

133 2514 174 2574 25
296 2506 422 2575 Deinde
448 2507 542 2576 Titan
567 2510 742 2600 postquam
772 2505 905 2575 nesciuit
933 2506 1076 2577 Saturno
1105 2508 1193 2578 lilios
1221 2533 1307 2600 pro-

193 2612 322 2677 creatos
353 2612 451 2700 atque
487 2611 646 2681 educatos
673 2632 749 2679 esse
778 2609 878 2694 clam,
914 2611 1041 2680 seducit
1074 2634 1187 2681 secum
1217 2613 1307 2684 filios

193 2733 274 2780 suos
297 2712 352 2804 qui
368 2713 473 2781 Titani
494 2718 672 2800 uocantur,
700 2714 900 2805 fratremque
923 2737 1020 2784 suum
1043 2714 1221 2785 Saturnum
1250 2720 1306 2787 at-

192 2837 256 2907 que
275 2812 380 2905 Opem
401 2818 648 2907 comprehendit
669 2839 794 2910 eosque
814 2839 909 2886 muro
925 2818 1118 2912 circumegit
1135 2825 1168 2889 et
1186 2824 1307 2891 custo·

191 2918 276 2988 diam
299 2919 350 2988 his
369 2921 513 3011 apponit.

296 3154 478 3266 Coluuqlla
496 3155 579 3224 ixa
608 3160 684 3223 ‘nec
709 3175 789 3263 sane
815 3153 937 3222 rustico
960 3153 1096 3245 dignum
1116 3156 1167 3222 est
1186 3154 1306 3223 scisci-

191 3257 268 3343 tari,
309 3257 450 3328 fueritne
487 3257 604 3327 mulier
638 3256 857 3348 pulcherrima
894 3257 1004 3347 specie
1040 3258 1174 3326 Melissa
1206 3280 1305 3350 quam

192 3361 336 3452 luppiter
361 3362 394 3431 in
424 3384 517 3453 apem
546 3361 779 3431 conuertit'an
811 3363 847 3428 ut
876 3360 1133 3430 Euhemerus
1163 3361 1306 3451 poeta'

189 3580 200 3628 l
214 3593 236 3626 c.
246 3577 277 3627 14
295 3580 376 3626 ‘nunc
390 3578 509 3640 quoniam
524 3575 606 3626 abhis
621 3591 686 3638 quae
696 3574 839 3625 rettulimus
852 3575 1036 3638 aliquantulum
1052 3590 1125 3625 sacra
1134 3575 1242 3627 historia
1252 3577 1306 3627 dis-

192 3648 283 3706 sentit,
303 3648 448 3711 aperiamos
467 3663 497 3696 ca
514 3661 579 3709 quae
596 3646 665 3694 ueris
686 3645 777 3694 litteris
799 3647 973 3704 continentur,
993 3660 1024 3696 ne
1042 3648 1175 3711 poetarum
1194 3647 1305 3713 ineptius

193 3720 218 3768 in
243 3716 394 3767 accusandis
415 3717 584 3782 religionibus
603 3715 676 3777 sequi
697 3715 849 3780 adprobare
868 3716 1011 3765 uideamur.
1044 3716 1112 3766 Haec
1132 3717 1208 3766 Ennii
1226 3718 1306 3767 uerba

168 3796 263 3846 ¹sunt:
292 3787 441 3836 exin
465 3785 589 3835 tradita
612 3793 667 3834 est.
711 3786 773 3834 Item
795 3786 873 3850 paulo
893 3785 1035 3851 posthaec
1055 3785 1143 3836 infert:
1172 3787 1305 3838 deinde'

193 3875 215 3908 e.
231 3874 255 3920 q.
272 3873 293 3907 s.
328 3855 429 3905 Verba:
448 3855 526 3904 ‘haec
538 3862 565 3903 ut
579 3855 675 3920 scripta
687 3856 758 3904 suot'
782 3872 803 3905 e.
821 3871 845 3919 q.
861 3871 883 3905 s.
905 3871 936 3906 ne
958 3856 1015 3918 quis
1029 3855 1155 3906 Lactantii
1176 3871 1233 3907 esse
1246 3872 1306 3908 cem

193 3981 401 3993 -...—.—

193 4050 346 4136 ἄριστος
435 4061 470 4116 20
495 4055 623 4127 Dispater
648 4059 713 4128 aliq.
741 4057 804 4112 libri
823 4055 907 4112 Isaei.
938 4058 1073 4129 diispater
1099 4060 1158 4113 siue
1187 4057 1307 4129 dispiter

193 4148 242 4202 alii
253 4144 393 4217 Lenqletii.
409 4141 544 4213 diespiter
558 4144 635 4197 multi
647 4143 711 4198 libri
725 4148 751 4195 et
758 4143 911 4214 pleraeque
925 4143 987 4198 edd.
1018 4143 1060 4215 Cf.
1080 4143 1172 4198 Varro
1183 4143 1218 4199 de
1230 4143 1264 4199 L.
1273 4144 1306 4199 L.
1405 4158 1408 4165 ·

200 4232 277 4291 V66
296 4229 338 4285 M.
429 4233 461 4286 at
486 4244 518 4282 ac
541 4228 622 4299 culpo
714 4233 750 4287 28
772 4243 851 4281 muro
873 4228 1037 4300 circumegit
1052 4230 1181 4300 plerique
1197 4229 1262 4284 titis·
1283 4235 1310 4286 et

192 4317 253 4372 edd.
271 4329 373 4371 omnes.
390 4330 485 4369 muros
501 4313 665 4385 circumegit
679 4313 732 4369 duo
750 4311 820 4384 neq.
838 4329 955 4384 quorum
968 4315 1039 4369 alter
1052 4318 1095 4369 est
1107 4314 1309 4371 uetustissimus
