2834 4988
619 431 850 487 ΕΝΝΙΑΝΑΕ
1171 437 1270 484 LXVII
1348 454 1353 463 ·

147 596 254 655 fretum
279 594 447 656 Gaditanum
474 597 636 673 designari,
663 595 773 673 Hugius
802 597 928 655 fortasse
954 595 1050 653 locum
1073 593 1101 650 iu
1128 611 1225 671 pugna
1249 612 1265 654 a

144 701 245 762 Laelio
269 703 402 781 inipso,
427 711 457 762 ut
479 702 574 762 Liuius
594 701 716 761 XXVlll
737 703 775 763 30
794 705 848 778 ait,
880 704 982 780 rapido
1006 701 1082 759 freto
1111 701 1263 760 commissa

146 809 285 869 habuisse
305 810 470 887 suspicatus
494 819 548 868 est.
580 808 672 867 Porro
692 810 837 887 Scipionis
857 809 997 868 aduentus
1020 808 1047 864 in
1067 806 1196 868 Africam
1214 808 1263 867 tri·

145 913 200 972 bus
220 923 249 973 ut
275 925 345 993 puto
367 915 535 992 fragmentis
561 916 596 974 V.
620 915 670 974 Vl.
693 914 746 974 Vll
775 916 970 992 significatur,
1001 930 1123 991 quornm
1145 913 1185 973 Vl
1206 912 1263 971 llu-

145 1021 211 1096 gius
243 1037 361 1099 quoque
384 1023 441 1082 hoc
466 1022 533 1082 loco
558 1023 664 1083 edi-tum
694 1023 871 1082 coniecerat.
917 1019 988 1078 Nam
1018 1028 1057 1077 ut·
1073 1037 1183 1096 negare
1206 1035 1263 1077 non

145 1142 283 1204 possum,
313 1127 421 1187 nullum
450 1146 551 1188 eorum
579 1147 714 1188 uersuum
744 1148 800 1189 non
828 1129 959 1208 potuisse
982 1129 1066 1186 etiam
1091 1126 1126 1184 ad
1155 1124 1261 1202 Reguli

145 1235 296 1293 transitum
318 1234 439 1310 referri,
471 1244 566 1294 tamen
585 1237 740 1315 trepidatio
768 1256 802 1296 ac
825 1241 918 1314 pauor
941 1251 1025 1310 quern
1046 1239 1134 1311 poeta
1153 1232 1261 1308 signifi·

146 1349 193 1398 cat
216 1340 353 1400 Afrorum
381 1350 409 1400 et
439 1342 482 1399 uis
504 1359 606 1418 magna
636 1362 710 1422 iprae
737 1345 865 1402 traicitur
888 1343 1036 1420 copiarum
1061 1338 1148 1417 paulo
1170 1340 1261 1415 magis

145 1445 213 1504 huic
241 1464 327 1524 quam
356 1447 480 1506 indicaui
508 1450 656 1508 occasioni
682 1452 839 1509 conuenire
867 1447 1047 1507 uidebantur.
1095 1444 1139 1505 ct.
1164 1445 1261 1504 Liuius

144 1547 243 1610 XXIX
259 1551 309 1610 25.
327 1551 377 1611 28.
406 1552 470 1612 Nec
493 1555 555 1612 scio
577 1573 612 1613 an
636 1574 672 1613 ex
695 1556 814 1615 incertis
837 1553 940 1611 eodem
959 1553 1122 1629 pertineant
1144 1549 1173 1608 hi
1195 1570 1261 1609 uer·
1347 1547 1354 1560 '

144 1673 210 1714 sus:
225 1662 383 1734 retibusque
393 1662 532 1734 fremebat
542 1663 635 1719 Imber
644 1665 765 1735 Neptuni
773 1657 929 1737 (xxxix)
940 1667 986 1717 et:
1004 1663 1125 1716 tonsillas
1139 1665 1260 1733 repient,

145 1767 284 1837 eonfipimt
303 1768 373 1836 titus,
396 1770 521 1823 asteriscos
547 1764 639 1845 (XL).
684 1767 813 1840 Quorum
836 1766 885 1824 ille
906 1785 922 1824 e
945 1765 1143 1841 descriptione
1167 1772 1261 1822 traue-

144 1866 240 1925 lrentis
263 1868 292 1926 in
312 1868 442 1928 Africam
468 1871 613 1951 Scipionis
643 1873 810 1951 desumptus
833 1872 947 1931 uidetur
965 1870 1041 1929 conl.
1062 1869 1143 1927 Liuio
1166 1868 1262 1928 XXIX

145 1971 201 2033 27:
224 1985 305 2033 uento
318 1981 438 2035 secunde
458 1982 611 2039 ieehementi
630 1986 697 2038 satis
707 1985 836 2054 prouecti
852 1984 977 2037 celeriter
999 1996 1013 2034 e
1035 1985 1181 2050 conspectu
1207 1986 1261 2034 ler-

144 2099 197 2137 ree
217 2085 303 2139 edicti
319 2094 384 2140 sunt
407 2127 413 2140 .
434 2128 440 2141 .
461 2129 468 2143 .
491 2090 578 2144 lenior
605 2095 702 2143 scentes
729 2090 756 2142 in
789 2091 842 2143 ello
861 2087 955 2159 fortiis
973 2119 1012 2127 -
1032 2119 1074 2126 —
1093 2102 1261 2158 prosperam

143 2191 347 2260 nuuipctionem
374 2195 433 2247 sine
460 2201 568 2248 terrere
595 2211 630 2249 ec
660 2197 772 2251 trrrnultu
794 2195 884 2266 sitisse
909 2192 1053 2262 pcrmriltis
1076 2192 1191 2248 Graecis
1205 2195 1260 2249 Lp-

144 2298 263 2367 tini'sque
284 2276 442 2354 auctoribus
463 2301 581 2354 credidi.-
611 2297 704 2356 altero
724 2306 819 2356 autem
839 2295 941 2373 rapide
963 2313 1052 2354 naues
1076 2296 1260 2375 adpellentes

143 2399 251 2458 milites
271 2400 436 2478 pinguntur.

231 2507 333 2585 Scipio
362 2525 425 2566 cunr
454 2507 614 2568 Hannibale
639 2510 826 2587 congreditur
850 2508 932 2589 (lX).
978 2505 1160 2568 Conueniunt
1186 2511 1260 2569 enim

144 2631 210 2672 cum
238 2612 294 2673 hac
321 2612 404 2672 Ennii
432 2617 575 2674 sententia
604 2615 727 2674 maxime
758 2634 833 2693 quae
859 2615 982 2674 eundem
1005 2613 1192 2675 Hannibalem
1215 2614 1259 2672 Lt-

143 2721 208 2778 uius
228 2717 313 2777 XXX
334 2716 375 2779 30
402 2729 532 2778 orantem
554 2720 638 2779 lacit:
664 2722 799 2783 conleras
821 2722 869 2782 uel
890 2722 979 2781 haec:
1006 2727 1148 2779 maximoe
1165 2726 1262 2796 ciiiqrie

142 2830 278 2901 fortunae
299 2833 407 2885 minime
433 2831 599 2885 credendum
620 2839 681 2886 est.
700 2873 707 2885 .
728 2873 734 2886 .
758 2835 852 2888 melior
879 2836 1013 2905 tutiorque
1042 2838 1083 2885 est
1103 2837 1179 2884 certe
1196 2847 1262 2900 pax

144 2955 228 3008 parem
249 2943 364 3008 sperate
386 2939 517 2992 uictoria.-
539 2937 610 2992 ltecc
630 2940 658 2992 irs
681 2945 736 3005 tue,
759 2941 805 2992 illu
822 2942 849 2993 in
866 2940 979 2993 deorsum
994 2954 1078 2991 mareu
1099 2944 1146 2992 est.
1177 2952 1211 2991 ric
1226 2942 1263 2991 tot
1374 2969 1377 2975 ·

144 3060 284 3099 annorum
305 3042 461 3115 felicitatem
482 3046 511 3097 in
534 3047 615 3100 unius
636 3029 723 3099 leorae
746 3046 854 3098 dederis
877 3045 1031 3098 discrimen.
1077 3037 1133 3096 Vbi
1154 3036 1260 3096 Hanni-

144 3145 219 3207 balis
243 3145 403 3224 periculum
419 3146 586 3223 Scipionem
606 3146 801 3225 compellendi
824 3145 858 3204 ad
883 3162 985 3222 pacem
1006 3145 1119 3203 inritum
1141 3145 1257 3220 cecidit,

145 3251 289 3330 proelium
317 3262 443 3331 paratur.
488 3251 597 3312 Milites
619 3253 787 3312 cohortatus
812 3252 873 3309 siue
903 3252 1003 3328 Scipio
1027 3261 1072 3310 est
1096 3250 1258 3310 siue-Hau·

144 3357 239 3418 nibal:
257 3364 309 3419 secl
327 3364 394 3436 quid
413 3378 461 3436 epo
482 3364 551 3420 lteec
567 3370 706 3421 memoro?
731 3366 830 3419 dietum
842 3361 1002 3433 factumque
1015 3360 1086 3432 fecit
1098 3358 1202 3435 free(
1232 3365 1257 3437 ).

105 3506 108 3511 -
146 3465 243 3542 Pugna
262 3466 446 3524 committitur
461 3464 550 3545 (Xl):
572 3467 707 3546 fugantur
726 3467 789 3525 stri
806 3485 840 3525 ac
859 3474 954 3524 castra
971 3463 1141 3541 diripiuntur
1158 3459 1257 3540 (XII).

230 3572 307 3632 Dein
329 3580 418 3650 potita
442 3575 584 3633 uictorem
611 3575 778 3651 Scipionem
804 3574 904 3634 nescio
936 3589 993 3651 quo
1022 3589 1098 3629 nexu
1126 3569 1258 3629 laudibus
1349 3636 1351 3641 ,

146 3679 247 3738 effert:
286 3679 362 3738 unde
402 3679 512 3739 residet
549 3689 577 3739 et
614 3681 672 3740 hoc
709 3680 862 3739 frustulum
896 3683 987 3754 Scipio
1024 3684 1125 3736 inuicte
1158 3674 1257 3754 (XIII)

147 3793 177 3844 et
203 3785 227 3842 is
255 3803 359 3844 uersus
388 3788 433 3845 cui
461 3806 535 3846 nunc
559 3788 687 3864 paenitet
708 3789 735 3845 in
765 3785 906 3843 saturica
934 3801 979 3841 me
1003 3783 1099 3841 locum
1125 3782 1258 3859 adsigna·
1328 3773 1330 3775 ¹

147 3899 206 3949 tum
234 3908 320 3950 esse:
353 3897 401 3951 ciel
426 3902 454 3951 tu
482 3897 599 3952 dictator
626 3898 672 3952 uel
692 3912 822 3968 epitomem
852 3896 1022 3965 equitumque
1043 3896 1172 3964 mepister
1194 3895 1260 3947 Esto

146 4003 192 4057 uel
218 4003 316 4057 conset
343 3996 420 4075 (Sat.
447 4017 472 4055 u.
501 3997 537 4057 18
560 4000 633 4077 sip).
679 3998 743 4071 Quo
775 4014 862 4055 uersu
893 3993 1060 4071 Scipionem
1089 3992 1259 4072 compellari

148 4100 262 4161 Merula
284 4101 355 4161 uidit
383 4105 459 4163 conl.
482 4104 563 4165 Liuio
587 4102 739 4163 XXXVlll
758 4102 813 4162 56:
838 4107 998 4176 custipetum
1029 4109 1099 4160 enim
1123 4105 1260 4177 qttonclem

149 4213 183 4266 ab
202 4228 234 4268 ee
251 4214 386 4284 populum
407 4217 455 4285 eil,
475 4217 625 4287 peredeum
643 4219 806 4285 perpetuum
825 4213 961 4265 consulem
983 4217 1009 4264 et
1030 4211 1187 4264 dictatorem
1202 4207 1259 4260 tiel-

147 4319 183 4372 let
201 4317 310 4390 facere.
355 4313 401 4374 (li.
420 4316 555 4375 Valerius
573 4316 714 4376 Maximus
734 4315 774 4375 lv
796 4314 823 4388 1,
841 4312 869 4371 6.
908 4313 953 4372 De
975 4311 1123 4389 proxumis
1146 4306 1259 4368 duobus

1006 4431 1022 4471 e
1035 4418 1050 4447 a
