2834 4988
534 397 780 467 Rotlovlnn

642 566 670 636 ll

209 673 355 766 Antiqua
378 672 466 744 erilis
490 672 557 742 lida
579 672 693 739 eustos
716 667 876 758 corporis

119 785 184 848 290
211 775 296 861 Quid
319 778 368 847 sie
387 780 420 845 te
444 779 539 873 ext-ra
558 772 652 844 aedis
673 771 860 842 exanimata
881 770 1053 841 eliminas?

639 908 682 978 lll

601 1011 720 1080 Nutrix
735 1070 740 1080 .

210 1114 338 1208 Cupido
358 1115 444 1207 oepit
466 1118 619 1186 miseram
642 1136 730 1183 nuno
752 1135 820 1203 me)
848 1112 1002 1205 proloqui

210 1218 310 1289 Caelo
331 1220 430 1312 atque
451 1222 558 1289 ternae
577 1218 708 1288 Me'deai
725 1216 885 1287 miserias,

210 1530 217 1543 .
272 1528 280 1543 .
335 1530 342 1544 .
397 1477 517 1546 linctus
535 1474 713 1546 uerborum
735 1495 836 1544 aures
857 1473 1033 1561 aucupant.

644 1610 679 1680 V

211 1813 304 1898 Ouae'
322 1785 517 1885 Corinthum
534 1714 760 1887 areeiiibllbm
778 1813 921 1896 habetis,
943 1811 1111 1879 matronae
1130 1833 1219 1900 opu-

773 1916 896 2001 lentae,
925 1913 1116 2007 optimates!

109 2255 195 2321 Argo
285 2255 419 2304 arietis!
492 2257 515 2304 ll
539 2255 680 2322 Noniusp.
701 2255 786 2315 39‚2
812 2254 1016 2313 ‘eliminata
1045 2262 1117 2305 extra
1141 2255 1220 2305 limen

108 2324 192 2373 eicere
262 2323 359 2373 Ennius
379 2323 491 2374 Medea
510 2325 625 2376 exsule
640 2326 694 2376 ...’
726 2325 879 2392 (Ennium
896 2330 926 2374 st
943 2339 977 2373 ea
995 2323 1092 2373 exule
1110 2325 1184 2375 Leid.

143 2390 308 2458 exuleW)
341 2394 411 2444 idem
431 2395 542 2459 pm,
562 2396 594 2446 17
619 2397 804 2447 ‘eliminare
824 2395 961 2444 estexire.
994 2394 1091 2444 Ennius
1109 2395 1220 2444 Medea

108 2463 204 2514 exule
221 2464 273 2512 ...’
349 2465 383 2512 ΙΙΙ
408 2464 496 2514 Cicero
509 2465 585 2515 Tusa.
600 2465 667 2532 disp.
684 2467 718 2515 111
732 2465 774 2524 to,
789 2464 823 2516 63
842 2468 916 2513 ‘suut
935 2472 1019 2513 autem
1036 2464 1096 2522 alii,
1116 2479 1179 2527 quos
1193 2465 1219 2513 iu

109 2531 178 2581 luetu
197 2547 254 2584 oum
275 2535 283 2583 i
304 2549 333 2583 sa
347 2533 485 2583 solitudine
499 2533 568 2597 loqui
582 2551 661 2601 saepe
674 2535 796 2594 delectat,
823 2543 850 2582 ut
863 2534 908 2583 illa
927 2534 996 2600 apud
1011 2533 1120 2583 Ennium
1134 2534 1221 2583 nutrix

110 2603 161 2651 ...‘
232 2602 268 2651 1v
285 2550 383 2653 lionius
395 2618 422 2668 p.
434 2603 496 2661 tot,
514 2602 545 2654 13
562 2607 738 2671 ‘aucupant
750 2605 861 2654 antinum
876 2605 988 2669 positum
999 2617 1047 2670 pro
1060 2604 1166 2669 passiuo

109 2672 206 2721 Ennius
225 2672 316 2722 Medea
338 2673 390 2721 ...’
425 2672 671 2740 (MediaBamb.)
740 2674 763 2724 V
789 2672 877 2724 Cicero
893 2673 927 2723 ad
943 2673 1024 2723 famil.
1041 2673 1221 2725 Vllb‘desi-

109 2741 181 2791 deria
192 2742 264 2792 urbis
280 2749 305 2792 et
317 2743 469 2793 urbanitatis
484 2743 584 2809 depone
598 2753 623 2794 et
635 2759 685 2808 quo
700 2738 807 2795 oonsilio
819 2743 950 2809 profectus
965 2759 1007 2803 es,
1026 2743 1055 2792 id
1069 2744 1221 2797 assiduitate

109 2817 135 2860 et
147 2812 241 2861 uirtute
255 2826 419 2876 consequere.
447 2813 500 2863 Hoc
512 2814 559 2864 tibi
571 2822 624 2864 tam
637 2815 800 2882 ignoscemus
815 2814 960 2874 amamini,
979 2828 1055 2876 quam
1069 2815 1221 2880 ignouerunt

109 2880 230 2942 Medeae,
250 2897 329 2945 quae
346 2883 374 2933 G.
389 2897 413 2931 a.
428 2882 649 2946 euehebant,
668 2899 740 2937 ιιι.ο.
756 2883 949 2949 optimates:
974 2883 1066 2946 quibus
1080 2882 1126 2933 illa
1139 2884 1220 2934 mani-

112 3055 199 3130 θρῖα.
211 3057 278 3129 Ers.
289 3056 360 3117 Par.
381 3059 473 3127 (etima
485 3059 514 3113 ia
529 3074 583 3130 mp.
598 3057 701 3115 Medea
717 3074 804 3131 aegro
820 3074 915 3114 amore
931 3057 1042 3125 saucia)
1059 3056 1159 3113 Bamb.
1174 3056 1222 3112 ab

112 3141 178 3197 lber.
204 3143 244 3198 od
255 3141 327 3197 Her.
349 3158 445 3198 amore
466 3158 553 3198 saeuo
577 3144 674 3198 saucia
696 3158 750 3199 om.
769 3143 862 3201 Troas.
884 3141 949 3198 ibid.
965 3142 1015 3196 aad
1028 3147 1096 3213 post
1108 3156 1221 3199 uersum

108 3225 214 3282 rbetort'
230 3226 432 3300 conformatum
446 3226 558 3282 Vtinam
575 3244 611 3283 ne
629 3243 678 3283 era
693 3244 791 3284 errans
804 3243 867 3283 mea
883 3226 966 3281 domo
980 3225 1094 3281 efferret
1106 3226 1220 3299 pedem,

108 3326 161 3382 quo
178 3310 212 3365 de
231 3310 295 3368 uide
309 3327 414 3384 supra,
439 3311 550 3368 medea.
569 3311 694 3368 homodo
714 3328 801 3385 aegro
825 3328 920 3368 amore
939 3327 1008 3367 reuo
1030 3312 1128 3368 saucia
1149 3310 1221 3369 Par.

108 3412 144 3450 m.
163 3413 212 3468 pr.
234 3394 337 3452 Medea
350 3397 436 3453 homo
458 3413 545 3469 aegro
568 3413 663 3453 umore
684 3397 782 3454 saucia
802 3396 870 3469 Erf.
890 3394 1006 3452 medeas
1026 3395 1112 3451 homo
1133 3412 1221 3469 aegro

109 3496 219 3536 amores
232 3497 301 3537 aeuo
318 3482 409 3538 sautia
426 3481 555 3541 Wuerzb.
572 3481 674 3538 medea
689 3498 776 3555 aegro
790 3498 886 3537 amora
901 3481 999 3536 saucia
1008 3480 1135 3537 Bambu
1146 3482 1222 3538 Fris.

112 3564 178 3620 Tur.
199 3563 270 3621 Por.
295 3582 371 3626 corr.
397 3566 499 3623 medea
524 3567 616 3622 animo
642 3584 712 3640 egra
737 3569 845 3640 (aegra
868 3565 976 3638 Opim.)
1002 3582 1097 3621 amore
1124 3568 1222 3623 saucia

109 3649 240 3706 Bumbb
270 3651 365 3708 Troas.
395 3652 483 3726 opita.
567 3657 620 3713 289
647 3652 920 3724 arimanniam.
944 3651 1041 3707 herilis
1063 3666 1114 3707 ms.
1136 3652 1225 3708 Fabri

105 3750 136 3806 p·
150 3739 221 3797 292„
231 3735 313 3792 edilis
335 3740 421 3794 ceteri
431 3737 495 3793 libri
576 3742 630 3797 290
649 3739 690 3794 sia
705 3735 897 3793 teMeroeras.
913 3738 954 3792 sio
966 3736 1054 3794 Basil.
1063 3754 1096 3809 p.
1106 3741 1168 3796 292.
1187 3739 1224 3794 sit

108 3823 194 3876 ceteri
202 3820 266 3876 iibri
348 3821 668 3880 exanimataMereerue.
680 3823 839 3878 examinata
848 3821 917 3888 libri,
928 3822 1076 3880 anastasii.
1083 3839 1117 3894 p.
1127 3826 1181 3882 292

152 3906 280 3961 eliminas
297 3920 347 3961 nas.
362 3907 451 3962 Fabri
459 3924 493 3979 p.
507 3910 570 3967 Μ.
591 3907 716 3963 eliminat
734 3909 820 3963 ceteri
830 3907 934 3980 libr'ip.
949 3911 1012 3966 292.
1034 3908 1148 3962 elimina
1162 3907 1227 3963 libri
1260 3922 1261 3926 ’

103 4006 136 4060 p·
151 3993 186 4049 39
270 3996 321 4051 291
344 3992 487 4048 miseriam
504 3991 577 4048 Pitb.
662 3998 714 4053 292
728 3992 842 4048 Medeai
859 3992 1002 4048 Turnebus
1015 3991 1086 4047 Ado.
1105 3990 1186 4046 XIX
1196 3999 1223 4050 5.

110 4074 228 4130 Medeae
250 4075 313 4131 libri
377 4079 448 4134 ¹293
468 4075 569 4133 fluetus
585 4075 686 4135 Iunius
703 4080 732 4133 in
752 4093 805 4150 my.
826 4079 931 4132 tructus
946 4076 1011 4133 libri
1092 4079 1146 4135 294
1163 4089 1222 4148 sqq.

115 4158 220 4215 Versus
232 4164 344 4231 opnouit
354 4163 464 4233 primus
472 4160 592 4233 Anpelus
600 4162 751 4218 Politianus
764 4160 844 4217 Mt'sc.
856 4164 890 4220 27
977 4160 1075 4216 Omissa·
1086 4162 1158 4214 iuter
1170 4163 1225 4218 294

108 4250 134 4298 et
156 4248 208 4303 295
233 4247 365 4301 uersiculi
381 4252 461 4300 notas
485 4244 516 4300 0.
537 4245 701 4302 Ribbeckias
724 4247 900 4318 interponat.-
935 4261 951 4301 e
972 4245 1109 4301 Ciceronis
1131 4243 1226 4299 aaran

109 4327 256 4384 Elmsleius
272 4330 311 4384 ad
325 4330 397 4386 Eur.
409 4328 484 4385 Med.
498 4332 551 4390 2⁰9
564 4328 639 4386 bunc
652 4329 851 4401 conformabit:
871 4327 912 4384 Md
927 4322 994 4384 mihi
1008 4329 1076 4384 uitio
1091 4327 1144 4383 uos
1160 4343 1224 4383 uor-
