2834 4988
525 381 771 454 auurovrnr
1141 381 1203 446 183

90 578 219 647 perae,
240 554 328 647 quod
348 577 531 625 maerorem
551 554 692 624 nutriat?
721 554 813 625 Haec
830 557 964 626 fuerunt
977 556 1032 650 qui
1047 557 1088 626 ad
1107 557 1203 626 eius·

91 660 165 728 dem
193 659 334 728 nominis
367 658 618 751 grammaticum
652 659 886 749 posteriorem,
930 662 1025 729 cuius
1056 661 1202 730 notitiam

90 786 177 832 unus
199 762 378 833 Suetonius
406 762 447 832 de
475 784 613 856 gramm.
635 784 662 832 c.
688 771 702 831 1
725 762 873 849 tradidit,
902 765 1026 834 referre
1045 786 1111 834 non
1136 764 1203 833 du-

90 867 229 936 bitarent

599 966 690 1038 LVII

194 1084 309 1155 Cicero
327 1086 425 1155 Tusc.
444 1085 528 1176 disp.
548 1085 597 1156 lV
620 1095 671 1172 23,
691 1097 732 1157 52
761 1092 820 1156 ‘an
839 1088 890 1155 est
912 1084 1087 1178 quicquam
1107 1085 1203 1155 simi-

90 1189 154 1257 lius
180 1189 328 1258 insaniae
348 1211 445 1282 quam
467 1189 530 1275 ira,
565 1212 661 1282 quam
688 1191 770 1261 bene
793 1189 919 1260 Ennius
939 1189 1103 1258 initium
1120 1189 1202 1259 dixit

89 1291 315 1361 insaniae?'

594 1394 698 1465 LVIII

194 1507 308 1579 Cicero
329 1508 369 1578 de
388 1509 453 1579 diu.
473 1509 500 1579 Il
519 1521 570 1596 54,
598 1522 653 1582 111
685 1518 768 1582 ‘non
793 1534 869 1581 esse
888 1515 998 1582 autem
1021 1511 1099 1580 illud
1125 1533 1202 1580 car-

88 1636 163 1682 men
185 1613 324 1682 lurentis
351 1635 423 1682 cum
455 1613 564 1703 ipsum
589 1618 709 1705 podma
734 1616 878 1685 declarat
899 1618 966 1706 (est
986 1615 1071 1684 enim
1092 1615 1201 1706 magiS

88 1718 168 1785 artis
197 1719 229 1785 et
256 1716 446 1808 diligentiae
472 1740 570 1810 quam
595 1719 790 1789 incitationis
817 1724 848 1788 et
870 1721 992 1810 motus)
1023 1723 1091 1786 tum
1120 1740 1200 1787 uero

89 1843 143 1904 ea,
173 1842 257 1912 quae
280 1811 479 1912 ἆκροστιχίς
493 1821 624 1908 dicItur,
653 1845 727 1892 cum
746 1823 901 1915 deinceps
923 1846 966 1894 ex
986 1821 1099 1912 primis
1120 1844 1201 1891 uer-

89 1946 185 1992 suum
208 1923 324 1993 litteris
347 1923 470 2016 aliquid
489 1925 684 2012 conectitur,
710 1929 747 1996 ut
764 1927 797 1996 in
815 1927 1010 2019 quibusdam
1024 1924 1199 1995 Ennianis:

14 2118 16 2123 ,
90 2026 128 2110 Ο.
151 2026 311 2096 ENNIVS
334 2026 479 2097 lucu!
521 2028 583 2118 (sic
606 2030 764 2104 Auratus
790 2053 895 2124 quae
918 2027 1078 2101 Ennius
1101 2029 1200 2099 lecit

89 2129 239 2224 plerique
260 2130 352 2216 edd,
377 2153 440 2201 om.
461 2130 529 2223 alii)

192 2334 448 2407 Fortunatianus
467 2336 507 2407 de
526 2337 600 2407 dial.
625 2337 772 2428 (auctore
788 2336 948 2408 Columna
963 2359 993 2426 p.
1007 2340 1082 2428 332)
1107 2341 1200 2406 ‘sunt

89 2439 144 2530 qui
166 2440 304 2509 uerbum
325 2463 346 2509 a
367 2464 447 2510 uero
470 2441 600 2535 quidem
622 2446 738 2533 putant
756 2441 895 2529 dictum3
924 2440 983 2509 sed
1001 2442 1106 2531 prima
1124 2441 1200 2532 syl-

88 2541 163 2610 laba
191 2544 271 2612 satis
301 2544 532 2615 animaduersa
560 2547 738 2616 secundam
771 2542 907 2638 neglegi
940 2567 1006 2614 non
1035 2549 1198 2635 oportere.

88 2645 236 2715 Verbum
260 2648 442 2719 enimcum
469 2648 622 2734 dicimus,
652 2650 819 2743 inquiunt,
848 2649 953 2739 prima
976 2649 1047 2717 eius
1070 2648 1200 2741 syllaba

87 2772 201 2819 uerum
227 2752 410 2844 significat3
438 2753 584 2824 secunda
603 2776 733 2823 sonum.
781 2753 854 2822 Hoc
879 2752 964 2821 enirn
987 2751 1104 2821 uolunt
1123 2773 1199 2823 esse

86 2854 173 3024 (tinnit.
230 2856 328 2926 Vnde
362 2858 488 2927 Ennius
524 2880 643 2928 sonum
674 2858 795 2949 pedum
835 2856 1015 2925 bombum
1055 2855 1200 2947 pedum

109 2979 154 3025 uu
170 2957 187 3025 .'

610 3061 670 3132 Lx

190 3175 279 3244 ldem
307 3175 469 3247 Columna
491 3201 522 3269 p.
545 3188 608 3250 329
636 3202 679 3250 ex
706 3177 823 3270 ‘antip
844 3175 960 3269 gloss!
988 3174 1083 3245 affert
1109 3179 1198 3246 tam-

88 3300 186 3372 quam
204 3279 369 3350 Enniana:
397 3280 533 3352 locum
555 3288 588 3353 et
611 3281 781 3376 regredi
801 3280 1014 3373 gressum!
