2834 4988
639 408 874 466 Annaliun

702 576 784 646 XIV
799 578 816 611 t

237 712 276 772 15
302 751 561 770 .....
614 697 746 769 memini
767 721 820 767 me
843 698 924 768 fiere
945 719 1078 789 panum.
1137 696 1148 711 “
1178 700 1219 777 05

791 816 808 850 4

303 921 409 993 Lunai
428 925 577 1013 portum,
601 926 653 991 ost
675 814 815 1012 opllrlae,
843 918 1039 1012 cognoscite
1058 917 1161 988 ciues,

796 1040 814 1075 ,,
1144 1040 1152 1057 .

306 1142 389 1214 Cum
406 1147 502 1214 aeter
520 1143 674 1215 occubuit
690 1040 844 1216 {illlum
862 1143 925 1213 sub
944 1143 1049 1213 Marte
1070 1140 1217 1232 Pelasgo

202 1346 300 1397 Ennius
319 1353 438 1394 terram
457 1359 575 1410 corpus
597 1359 677 1408 quae
702 1344 831 1395 dederit
851 1345 955 1411 ipsam
976 1360 1094 1410 capere
1113 1357 1218 1407 neque
1247 1341 1315 1391 dis-

202 1416 299 1482 pendi
313 1414 425 1464 facere
439 1414 557 1464 hilum)
576 1414 668 1480 (esse
684 1423 807 1464 terram
820 1416 902 1464 Haua.
934 1415 1064 1465 dederit
1077 1413 1201 1479 Scaliger.
1219 1412 1314 1477 depe-

202 1487 245 1534 rit
258 1485 326 1534 Flor.
343 1484 464 1533 Panab.
483 1485 702 1550 peperitGotb.
717 1483 815 1550 Hann)
848 1484 946 1534 Ibidem
966 1485 990 1533 V
1005 1484 1098 1533 11111.
1124 1483 1194 1532 ‘bila
1211 1482 1243 1530 ab
1262 1481 1314 1530 hilo

202 1556 284 1613 dicta,
304 1554 373 1617 quod
386 1555 423 1602 ait
437 1554 546 1603 Ennius:
568 1556 661 1618 neque'
682 1571 705 1604 e.
721 1570 746 1617 q.
762 1569 785 1603 s.
816 1555 915 1604 Ibidem
929 1553 965 1603 111
979 1555 1013 1605 54
1024 1554 1060 1604 lt.
1080 1552 1142 1604 ‘eod
1152 1552 1180 1602 in
1193 1551 1258 1600 nibil
1270 1565 1315 1599 uo-

203 1624 322 1674 cabulum
340 1630 409 1673 recto
424 1638 486 1672 casu
500 1633 608 1690 apparet
622 1626 649 1674 in
663 1624 725 1674 boc:
746 1625 824 1687 quae'
844 1641 868 1674 e.
884 1639 909 1686 q.
926 1639 948 1672 s.
973 1622 1058 1688 ‘quod
1069 1623 1140 1673 uelat
1152 1636 1201 1673 noo
1213 1621 1316 1686 dispen-

202 1695 239 1745 dii
258 1693 320 1744 facit
342 1694 497 1757 quicquam:
568 1693 629 1744 XIV
654 1694 812 1745 Charisiusl
832 1709 860 1760 p.
873 1694 907 1744 75
924 1694 953 1743 P.
976 1692 1029 1759 (ba
1044 1688 1138 1757 1111ιί.)
1160 1696 1275 1758 ‘panos
1292 1698 1316 1739 et

202 1778 280 1831 pauo.
305 1762 416 1813 Ennius:
432 1763 550 1813 memini'
565 1780 588 1813 e.
603 1780 628 1827 q.
643 1779 665 1812 s.
693 1763 810 1813 Donatus
823 1763 916 1813 inTer.
934 1762 1015 1815 Andr.
1025 1762 1087 1824 llo,
1099 1758 1132 1813 ta
1147 1761 1266 1813 ⁴-urcmini
1278 1761 1316 1808 ui-

203 1834 264 1884 dere
279 1848 325 1898 pro
338 1832 445 1882 uidisse.
478 1833 589 1882 Ennius:
607 1834 725 1883 memini'
746 1850 769 1884 e.
786 1849 811 1896 q.
828 1849 850 1882 s.
884 1834 955 1882 idem
967 1832 1066 1883 in'l'er·
1084 1830 1150 1882 Adel
1219 1832 1268 1889 12,
1283 1829 1316 1880 io

204 1902 321 1954 ‘lieret
341 1902 466 1968 producta
485 1903 569 1968 prima
585 1902 694 1967 syllaba.
725 1904 835 1953 huius:
855 1903 972 1953 memini’
994 1918 1017 1952 e.
1031 1916 1094 1965 μ.
1128 1901 1242 1953 lem'iu
1257 1901 1314 1950 Ter.

203 1973 306 2024 Pborm,
321 1973 373 2032 12,
387 1973 422 2022 24
447 1975 486 2021 ‘et
500 1973 539 2022 sio
551 1972 631 2022 dixit:
655 1973 760 2022 mem'mi
779 1972 906 2035 relinqui,
931 1980 960 2020 ut
978 1973 1005 2022 iu
1021 1972 1131 2022 Andria:
1158 1971 1263 2020 memini
1277 1985 1316 2019 me

203 2043 302 2093 uidere.
336 2042 381 2091 Et:
400 2042 517 2091 memini’
535 2058 559 2091 e.
574 2058 599 2105 q.
616 2057 639 2092 s.
657 2043 786 2093 ‘Ennius'
816 2042 989 2093 Tertullianus
1001 2042 1035 2092 de
1049 2057 1093 2091 an.
1106 2038 1174 2091 eoa
1189 2055 1216 2105 p.
1229 2038 1316 2091 33111)

204 2112 299 2179 Rigalt.
326 2114 459 2177 ‘panum
476 2126 510 2161 se
529 2113 674 2162 meminit
692 2112 849 2162 Homerus
864 2112 966 2162 Ennio
984 2111 1190 2161 somniante.'
1219 2110 1316 2159 ibidem

203 2199 225 2231 c.
238 2181 272 2233 34
285 2179 396 2246 pilato
408 2180 507 2246 Rigalt.
533 2181 597 2231 ‘sed
610 2182 754 2232 necessarie
768 2181 834 2231 hauc
846 2196 949 2245 quoque
962 2182 1075 2248 speciem
1089 2181 1220 2231 intulimus
1234 2187 1259 2228 et
1273 2193 1317 2229 ex·

202 2252 341 2309 clusimus,
366 2258 394 2299 ut
410 2251 587 2316 superioribus
605 2251 795 2311 cohaerentem,
815 2266 865 2315 qno
879 2252 986 2317 perinde
1004 2252 1035 2301 iu
1056 2264 1142 2316 pauo
1163 2249 1317 2299 retunde-

204 2329 295 2371 retur
308 2320 476 2380 Homerus,
501 2321 568 2371 siout
584 2321 611 2370 in
624 2321 771 2388 Pythagora
787 2321 959 2388 Euphorbus.'
991 2319 1031 2372 Gi.
1047 2320 1157 2371 eundem
1176 2319 1210 2369 de
1223 2333 1315 2368 resurr.

203 2407 227 2441 e.
241 2390 253 2440 1
269 2406 296 2455 p.
307 2387 391 2440 3793
404 2389 499 2455 Rigalt.
525 2391 669 2456 Porphyrio
688 2392 715 2440 iu
735 2391 795 2440 Hor.
815 2392 866 2456 Ep.
882 2392 905 2440 ΙΙ
920 2392 944 2450 1,
957 2391 992 2442 oo
1014 2391 1127 2440 ‘Ennius
1143 2390 1170 2438 in
1190 2389 1316 2454 principio

204 2459 334 2510 annalium
359 2472 464 2508 suorum
488 2461 588 2510 somnio
613 2476 641 2509 se
664 2461 768 2526 scripsit
787 2460 946 2511 admonitum
971 2461 1041 2523 quod
1066 2459 1205 2510 secundum
1224 2458 1317 2523 Pytha-

201 2524 392 2597 gmaadogma
406 2528 491 2577 anima
503 2530 606 2579 Homeri
620 2530 645 2578 in
658 2545 732 2579 suum
747 2544 840 2596 corpus
856 2531 987 2581 uenisset)
1018 2528 1107 2597 Sebob
1123 2529 1150 2578 in
1166 2528 1247 2578 Persii
1263 2527 1315 2578 Sat.

202 2590 305 2719 prol!
325 2598 387 2649 ‘noc
402 2599 428 2647 in
445 2597 547 2664 bicipiti
565 2600 707 2649 somniasse
719 2600 843 2650 Parnasso
867 2636 920 2650 ...
943 2600 1025 2665 tangit
1043 2607 1128 2650 autem
1147 2598 1256 2648 Ennium
1274 2597 1317 2662 qni
1344 2654 1346 2659 ,

221 2666 268 2717 iob
279 2680 312 2721 sa
324 2664 423 2717 uidisse
436 2669 588 2719 somniando
608 2670 635 2718 in
649 2670 776 2719 Parnasso
789 2670 926 2719 Homerum
939 2669 990 2719 sibi
1004 2670 1147 2727 dicentem,
1174 2667 1244 2731 qnod
1263 2667 1317 2717 eins

203 2736 291 2787 edm!
302 2734 332 2787 h
343 2750 391 2787 suo
405 2746 473 2788 esset
486 2739 611 2803 corpore·
642 2739 681 2790 Cf.
697 2741 763 2788 Acro
775 2740 801 2789 in
814 2740 874 2789 Hor.
888 2739 972 2791 Germ.
987 2740 997 2788 1
1011 2738 1054 2803 28,
1071 2738 1112 2790 10.
1132 2738 1180 2802 Ep.
1198 2738 1221 2787 Il
1236 2737 1260 2798 l,
1274 2737 1315 2788 oo.

203 2804 291 2857 schot.
309 2804 418 2857 instat.
439 2806 519 2857 Tbeb.
538 2806 638 2857 111484
708 2808 756 2857 XV
780 2809 882 2859 Persius
897 2808 952 2859 Sat.
971 2808 1038 2860 Vlil
1063 2807 1194 2857 ‘Lunai’
1213 2823 1237 2856 e.
1255 2822 1280 2869 q.
1295 2821 1316 2855 a.

203 2864 270 2931 Ἢ
286 2874 359 2927 iubat
370 2875 421 2927 boc
433 2877 499 2928 Enni
514 2886 650 2943 postquam
663 2878 796 2928 destertuit
816 2894 873 2929 esse
888 2877 1036 2930 Maeonides
1051 2877 1158 2937 Quintus
1170 2890 1272 2943 paucae
1286 2890 1318 2926 ex

366 2945 383 2995 .’
408 2944 495 2997 Boleoi.
510 2946 544 2997 ad
559 2948 586 2996 h.
601 2947 618 2996 l.
640 2948 694 2996 ‘sio
709 2949 777 2998 enim
791 2949 827 2998 ait
839 2949 937 2997 Ennius
949 2948 976 2997 in
988 2948 1119 2998 annalium
1130 2960 1235 2997 suorum
1249 2946 1318 3011 prin-

126 3074 129 3079 ·
185 2934 388 3085 *with-lose
400 3015 464 3066 dicit
477 3014 577 3067 uidisse
591 3018 618 3066 in
633 3018 731 3066 somnis
745 3018 882 3068 Homemm
895 3018 1030 3077 dicentem,
1051 3017 1131 3068 baisse
1147 3031 1176 3066 se
1191 3016 1318 3079 quondam

10 3092 21 3109 '
202 3088 345 3155 ¹putarem,
365 3093 436 3136 etex
450 3099 480 3137 eo
494 3085 716 3137 translatumesse
733 3088 845 3139 animam
860 3088 887 3137 in
900 3089 940 3138 se'
961 3103 1055 3151 e.q.s.
1127 3085 1189 3136 XVl
1210 3085 1319 3136 Priscia-

160 3272 165 3281 '
203 3256 327 3317 iralilrri
344 3261 391 3316 illa
403 3257 528 3331 Scaliger
602 3259 678 3333 capit
691 3257 828 3333 Scaliger.
844 3267 929 3333 eaput
943 3260 1008 3317 libri
1082 3260 1225 3334 dispendii
1239 3261 1317 3318 Flor.

210 3344 238 3402 V
250 3351 298 3403 lll
407 3349 440 3402 15
467 3343 536 3397 fiere
557 3344 661 3417 scripti
678 3358 741 3400 oum
759 3345 799 3401 H.
820 3344 940 3419 Ilberyr'o
961 3346 1035 3403 conl.
1056 3346 1089 3402 X
1099 3345 1142 3419 fr.
1165 3346 1235 3403 XV.
1258 3347 1318 3401 fieri

204 3429 379 3500 exemplaria
467 3428 593 3485 meminit
601 3445 647 3485 me
658 3423 718 3506 (ripe
729 3431 805 3499 ced.)
818 3432 838 3486 1.
852 3448 957 3503 panum
973 3431 1032 3487 cod.
1045 3437 1072 3487 et
1081 3432 1125 3488 ed
1136 3449 1184 3504 pr.
1192 3431 1319 3489 Cborr'aii.

203 3513 308 3571 nonar
319 3511 442 3567 Andria.-
470 3513 585 3569 memini
604 3528 649 3569 mo
664 3532 749 3588 quum
772 3517 791 3570 1.
804 3532 909 3588 panum
924 3515 998 3572 Pitb.
1017 3534 1060 3571 me
1077 3516 1158 3571 mini
1175 3533 1219 3571 me
1237 3532 1319 3587 quam

205 3598 227 3655 i.
243 3612 348 3669 panum
369 3594 626 3666 (pantoleium)
645 3597 715 3656 Por.
728 3618 747 3655 a
758 3600 784 3656 b.
799 3601 913 3655 memini
929 3618 973 3656 me
988 3598 1016 3672 q*
1037 3603 1056 3656 1.
1072 3601 1208 3672 pauidum
1230 3600 1319 3658 Gead.

204 3680 294 3757 hlud.
313 3694 376 3737 crtm
395 3680 458 3736 edd.
480 3685 535 3737 rtet.
556 3680 703 3756 adalpero:
731 3702 776 3740 me
797 3686 910 3741 minime
934 3688 953 3740 1.
977 3703 1082 3758 panum
1102 3684 1174 3743 Pur.
1194 3704 1212 3741 a
1230 3685 1319 3758 Laod.

204 3764 320 3825 minime
334 3764 449 3821 nomine
471 3767 531 3835 (uel
544 3765 622 3836 noie)
645 3770 663 3824 1.
678 3787 798 3841 prauum
813 3772 874 3840 (uel
882 3774 1014 3842 paruum)
1025 3772 1179 3844 pleraeque
1193 3771 1257 3829 edd.
1267 3777 1319 3826 eet

204 3850 319 3909 minim
335 3848 355 3905 1.
368 3865 488 3923 prauum
502 3868 547 3906 me
561 3853 605 3908 ed.
618 3852 731 3911 Mediol.
759 3853 927 3913 Phormione
935 3846 951 3910 .·‘
965 3857 1079 3911 merniui
1101 3872 1146 3911 me
1167 3856 1187 3910 1.
1202 3872 1321 3927 paruum

204 3937 307 4011 (punm
316 3934 422 4008 datad.)
436 3935 524 3993 oeno.
536 3937 625 4011 coqu.
637 3955 699 3994 cum
709 3939 771 3995 edd.
786 3946 841 3996 oet.
856 3956 941 4012 quom
956 3942 1070 3999 memini
1084 3940 1145 3996 fieri
1161 3958 1205 3996 me
1217 3957 1321 4013 pauom

203 4018 327 4089 M.
345 4023 522 4077 commemini
540 4023 600 4079 fieri
623 4041 667 4078 me
687 4041 790 4094 pauom
812 4039 827 4080 e
847 4025 973 4083 odorisio
994 4028 1083 4081 mens
1104 4024 1230 4099 Scaliger
1245 4024 1321 4082 Cotti.

201 4108 278 4177 ebo
385 4108 418 4164 16
441 4106 510 4161 Luni
532 4107 653 4180 Montep.
683 4109 744 4163 Vct.
829 4117 957 4180 praelum
979 4117 1023 4166 est
1039 4127 1124 4183 opere
1146 4127 1319 4184 cognoscere

207 4209 386 4266 Laureabem.
495 4216 528 4272 17
549 4221 609 4270 uter
623 4213 728 4286 froom
744 4212 837 4273 Pani.
858 4217 921 4275 ortl-
936 4218 1007 4278 toto
1091 4197 1208 4296 pelusio
1231 4219 1318 4274 Bere.

207 4293 344 4368 phetargo
361 4295 448 4371 Htpd.
680 4348 682 4352 ,

114 4550 296 4680 Α
