2834 4988
472 404 704 460 ΕΝΝΙΑΝΑΕ
1001 411 1150 458 LXXXVII

36 577 139 631 minum
168 577 301 631 mentione
326 577 477 631 orationem
500 576 570 631 odeo
591 575 765 646 magnificam
791 574 824 627 de
849 572 930 627 rebus
956 574 1043 627 abac
1069 575 1151 644 pestis

36 697 170 737 exorsum
189 696 258 750 esse,
281 688 312 738 at
327 684 396 737 satas
418 686 557 736 commoret
576 682 709 735 neminem
729 697 858 751 umquam
879 695 967 750 nepae
988 681 1083 734 melius
1101 695 1148 734 nc-

37 803 89 861 qate
108 791 206 844 acrius
228 789 369 844 laudatum
390 802 459 843 esse.
482 787 643 842 dicebantur
658 789 729 843 enim
747 786 783 839 ob
804 787 897 840 eodem
919 788 1009 840 animo
1029 788 1147 857 ingenio-

37 909 103 967 que,
125 912 212 967 aquo
232 899 309 968 pecto
331 899 425 962 crant,
446 900 473 949 et
492 897 601 950 cumam
622 894 765 964 fastidium
780 891 892 957 aberat,
914 895 980 962 quio
997 909 1053 964 pro
1069 895 1149 964 peri-

37 1002 114 1068 culo,
141 1018 197 1057 non
215 1004 245 1056 in
269 1002 385 1073 gloriam
407 1000 611 1070 referebantur.
655 995 738 1054 Vnde
762 995 812 1054 ille
834 1012 926 1071 graue
953 1004 1149 1072 argumentum

38 1103 128 1183 petit,
152 1121 256 1163 uersus
280 1102 385 1162 illosa
413 1103 569 1180 Scipione,
601 1120 685 1180 qrrem
717 1119 773 1161 non
800 1101 940 1162 credibile
965 1102 1000 1161 sit
1030 1101 1064 1161 ad
1093 1102 1150 1161 boc

39 1227 132 1287 usque
155 1218 269 1287 tempus
297 1211 485 1288 perrexisse,
516 1208 630 1269 alienos
659 1211 685 1268 in
711 1209 860 1269 annalibus
889 1207 927 1267 ibi
956 1209 1005 1269 ubi
1027 1227 1149 1288 progre-

39 1317 123 1377 diens
149 1319 277 1377 narratio
307 1317 343 1376 ad
374 1317 449 1376 hunc
478 1315 573 1375 locum
595 1318 762 1394 peruenerit
792 1316 943 1395 adpositos
966 1316 1068 1375 fuisse.
1112 1315 1150 1376 At

38 1432 69 1483 ut
90 1423 166 1483 baec
186 1425 345 1484 conuenire
368 1422 519 1485 annalibus
540 1424 688 1499 concedo,
719 1426 756 1483 ita
783 1443 819 1483 ne
850 1426 893 1484 sic
921 1423 1035 1502 quidem
1070 1439 1150 1481 meas

39 1547 112 1608 quas
133 1537 200 1589 ante
228 1532 353 1608 exposui
370 1533 498 1591 rationes
528 1531 702 1607 testiumque
730 1533 931 1590 auctoritatem
962 1529 1054 1589 euerti
1083 1547 1149 1607 per·

40 1655 156 1697 suasum
187 1644 242 1696 est.
288 1634 369 1695 Enim
398 1655 471 1696 uero
501 1655 564 1697 eam
590 1655 674 1715 quarn
706 1639 806 1718 Scipio
833 1640 869 1699 dc
898 1637 993 1716 gloria
1017 1655 1067 1696 sua
1101 1635 1149 1695 ba·

38 1745 97 1806 buit
121 1744 282 1804 orationem
307 1750 396 1821 poeta
416 1742 531 1820 dignam
556 1743 655 1804 babuit
678 1764 761 1824 quam
787 1746 926 1823 singulari
949 1746 1075 1803 carmine
1099 1762 1149 1803 ex·

40 1853 194 1930 primeret:
228 1867 302 1929 quae
335 1869 399 1908 cum
427 1852 549 1911 maxime
582 1853 609 1910 in
636 1853 724 1912 rebus
752 1852 899 1914 Africanis
925 1859 1041 1910 uersata
1071 1849 1150 1909 uide-

39 1967 119 2033 atur,
148 1976 187 2017 ex
217 1957 261 2017 eis
295 1956 412 2018 haustas
444 1959 581 2036 quasdam
617 1960 758 2037 imagines
784 1958 907 2016 orationi
936 1959 997 2016 siue
1025 1955 1150 2015 subiecit

39 2066 102 2125 siue
125 2064 284 2141 praemisit.
330 2062 432 2124 Erexit
454 2067 540 2143 igitur
560 2065 668 2126 Ennius
684 2067 741 2125 hoc
763 2074 906 2142 tamquam
928 2064 1071 2123 amicitiae
1089 2079 1148 2121 mo·

40 2179 203 2231 numentum
225 2168 356 2248 Scipioni
378 2177 435 2226 tum
463 2175 619 2250 temporis,
651 2192 714 2232 cum
737 2171 863 2230 fortasse
887 2170 964 2230 nrrlla
993 2169 1057 2229 dum
1082 2188 1150 2248 pars

40 2278 183 2338 annalium
202 2275 361 2355 prodierat.
395 2277 503 2337 Verum
516 2280 550 2339 ad
568 2279 643 2339 aliud
660 2279 773 2339 laudum
792 2294 884 2353 genus
903 2276 976 2335 baec
989 2277 1149 2353 fragmenta

42 2386 204 2465 pertinent,
234 2405 316 2460 quom
338 2392 444 2444 tantam
463 2394 582 2445 statuam
599 2396 700 2445 statuet
720 2390 841 2462 populus
867 2387 1010 2442 Romanus
1029 2385 1151 2453 Qucmac

39 2497 194 2551 columnam
222 2510 292 2567 quac
321 2499 398 2567 teque
420 2501 446 2550 ct
466 2501 511 2551 tua
533 2505 609 2569 gesta
634 2499 760 2568 leputatur
778 2490 882 2568 (Vll):
915 2496 961 2549 asel
984 2501 1012 2548 tu
1034 2495 1151 2549 dictator

41 2605 86 2660 aot
107 2618 239 2675 equorum
266 2603 436 2674 motamque
464 2606 594 2675 magister
616 2605 683 2658 Esto
710 2604 755 2657 net
780 2604 877 2658 conrad
898 2595 970 2675 (IX)
994 2607 1023 2655 et
1043 2597 1150 2656 Suidae

43 2706 182 2765 memoria
206 2701 323 2782 (v111):
357 2704 460 2782 quibus
488 2705 580 2783 ipsum
608 2713 723 2783 poetam
759 2703 955 2782 adpellauissc
983 2705 1150 2782 Scipionem

42 2811 173 2890 adparet.
210 2808 306 2886 Atque
328 2808 373 2868 his
390 2830 465 2870 nunc
489 2830 596 2871 uereor
617 2821 647 2871 ut
668 2821 749 2871 recte
769 2811 844 2869 brrnc
863 2810 957 2869 locum
979 2811 1150 2888 adsignaue·

43 2919 110 2994 rim,
135 2918 280 2997 quippea
304 2916 408 2994 quibus
435 2919 537 2980 iniuria
561 2920 635 2978 haec
659 2918 799 2998 particula
823 2921 915 2992 Scipio
937 2924 1035 2976 inuicto
1059 2917 1149 2993 (dnn.

41 3023 81 3084 tx
96 3023 132 3082 fr.
152 3020 237 3099 Xlll)
254 3005 353 3082 diuelli
371 3024 511 3085 uideatur.
550 3025 631 3099 Quae
654 3023 730 3103 quod
757 3041 794 3080 ex
822 3023 971 3081 annalibus
1001 3023 1150 3102 desumpta

43 3138 134 3205 esset,
161 3129 224 3187 eius
249 3130 291 3188 rei
313 3129 423 3208 Hngius
447 3134 474 3194 id
499 3152 566 3191 esse
589 3132 696 3190 indicio
721 3130 840 3206 putauit,
865 3129 941 3206 quod
965 3125 1072 3187 Cicero
1093 3128 1150 3189 hoo

43 3244 186 3312 tamquam
210 3233 358 3312 singulare
378 3237 471 3298 hiatus
493 3238 656 3316 exemplum
680 3235 820 3309 adferret,
844 3235 871 3292 ni
893 3235 992 3293 mirum
1009 3236 1150 3295 annalium

43 3350 151 3400 mutum
179 3357 303 3400 memor:
341 3345 457 3421 quando
484 3363 649 3423 comparem
680 3344 783 3402 hiatum
806 3349 925 3420 praeter
953 3341 1072 3400 annales
1095 3343 1151 3404 boc

42 3450 219 3527 epigramma
242 3447 397 3509 exhiberet
418 3458 540 3527 aspicite,
563 3459 676 3525 cemes,
698 3458 771 3510 aenis
790 3454 866 3507 Enni
884 3454 1009 3524 imaginis
1030 3454 1151 3526 formam

43 3554 160 3634 (Epigr.
185 3553 224 3633 1).
271 3553 315 3614 dc
330 3553 528 3617 Lachmanuus
551 3559 666 3636 quidem
684 3559 710 3616 in
726 3557 809 3616 Lucr.
832 3555 872 3614 lll
891 3556 970 3617 1034
987 3557 1061 3616 istud
1077 3558 1150 3617 frus·

44 3662 132 3722 tolum
154 3663 183 3720 in
210 3663 275 3740 ipso
296 3657 467 3740 pbohoemio
497 3666 637 3725 annalium
664 3683 721 3724 non
748 3663 864 3723 multum
889 3673 954 3723 ante
977 3664 1048 3724 illud
1075 3666 1151 3743 quod

43 3768 99 3828 dixi
123 3769 316 3844 fragmentum
335 3790 417 3844 quom
440 3781 544 3830 tantam
562 3782 679 3831 statuam
701 3789 726 3829 c.
753 3790 780 3848 q.
805 3790 828 3829 s.
852 3771 943 3830 fuisse
970 3770 1150 3849 opinabatur.

44 3874 124 3948 Quos
146 3894 253 3934 uersus
273 3894 335 3934 cum
358 3878 517 3936 concedam
542 3876 609 3934 olim
632 3886 708 3936 nexu
730 3880 855 3957 quodam
878 3878 1063 3953 cohaesisse,
1091 3879 1152 3955 qui·

45 3979 97 4041 bus
125 3983 153 4040 in
180 3969 269 4041 idem
286 3985 462 4044 consortium
489 3984 564 4042 addo
592 3984 651 4042 Sat.
675 3982 714 4043 ΙΙΙ
743 3985 778 4044 fr.
803 3983 878 4043 Vlll.
907 3983 965 4059 IX,
995 3993 1090 4043 tamen
1117 3984 1153 4043 de

43 4088 214 4164 prohoemio
238 4090 379 4149 dissentio
401 4094 455 4166 ita,
476 4100 506 4149 ut
525 4091 599 4150 haec
622 4093 715 4150 omnia
731 4093 825 4151 malim
843 4094 870 4150 iu
892 4108 968 4150 nono
984 4088 1077 4148 annali
1096 4087 1153 4147 hoc

45 4203 85 4255 cst
109 4195 149 4255 ibi
173 4194 222 4255 ubi
246 4197 394 4274 Scipionis
425 4215 474 4256 res
497 4199 685 4259 narrabantur
716 4198 881 4260 conlocari:
913 4199 967 4256 nisi
989 4196 1065 4255 forte
1095 4194 1152 4253 hoc
