<?xml version="1.0" encoding="UTF-8"?>
<!DOCTYPE html PUBLIC "-//W3C//DTD XHTML 1.0 Transitional//EN"
    "http://www.w3.org/TR/xhtml1/DTD/xhtml1-transitional.dtd">
<html xmlns="http://www.w3.org/1999/xhtml" xml:lang="en" lang="en">
 <head>
  <title>
</title>
<meta http-equiv="Content-Type" content="text/html;charset=utf-8" />
  <meta name='ocr-system' content='tesseract 3.04.00' />
  <meta name='ocr-capabilities' content='ocr_page ocr_carea ocr_par ocr_line ocrx_word'/>
</head>
<body>
  <div class='ocr_page' id='page_1' title='image "./ennicanpoesisre00ennigoog_0272.png"; bbox 0 0 2834 4988; ppageno 0'>
   <div class='ocr_carea' id='block_1_1' title="bbox 510 409 1188 484">
    <p class='ocr_par' dir='ltr' id='par_1_1' title="bbox 510 409 1188 484">
     <span class='ocr_line' id='line_1_1' title="bbox 510 409 1188 484; baseline 0.007 -14"><span class='ocrx_word' id='word_1_1' title='bbox 510 414 750 484; x_wconf 82' lang='lat' dir='ltr'>RELIQVIAE</span> <span class='ocrx_word' id='word_1_2' title='bbox 1127 409 1188 475; x_wconf 84' lang='grc'><strong>169</strong></span> 
     </span>
    </p>
   </div>
   <div class='ocr_carea' id='block_1_2' title="bbox 180 584 1188 782">
    <p class='ocr_par' dir='ltr' id='par_1_2' title="bbox 180 584 1188 782">
     <span class='ocr_line' id='line_1_2' title="bbox 180 584 1079 677; baseline -0.001 -23"><span class='ocrx_word' id='word_1_3' title='bbox 180 585 290 655; x_wconf 77' lang='lat' dir='ltr'><strong>Haece</strong></span> <span class='ocrx_word' id='word_1_4' title='bbox 311 589 447 675; x_wconf 89' lang='lat' dir='ltr'><strong>propter</strong></span> <span class='ocrx_word' id='word_1_5' title='bbox 467 584 613 675; x_wconf 83' lang='lat' dir='ltr'><strong>Iuppiter</strong></span> <span class='ocrx_word' id='word_1_6' title='bbox 635 587 712 655; x_wconf 91' lang='lat' dir='ltr'><strong>sunt</strong></span> <span class='ocrx_word' id='word_1_7' title='bbox 732 585 795 654; x_wconf 87' lang='lat' dir='ltr'><strong>ista</strong></span> <span class='ocrx_word' id='word_1_8' title='bbox 816 608 901 677; x_wconf 91' lang='lat' dir='ltr'><strong>quae</strong></span> <span class='ocrx_word' id='word_1_9' title='bbox 920 584 992 655; x_wconf 85' lang='lat' dir='ltr'><strong>died</strong></span> <span class='ocrx_word' id='word_1_10' title='bbox 1013 585 1079 671; x_wconf 90' lang='lat' dir='ltr'><strong>tibi,</strong></span> 
     </span>
     <span class='ocr_line' id='line_1_3' title="bbox 182 687 1188 782; baseline 0.002 -24"><span class='ocrx_word' id='word_1_11' title='bbox 182 689 344 774; x_wconf 80' lang='lat' dir='ltr'><strong>Quoniam</strong></span> <span class='ocrx_word' id='word_1_12' title='bbox 362 687 509 759; x_wconf 86' lang='lat' dir='ltr'><strong>mortalis</strong></span> <span class='ocrx_word' id='word_1_13' title='bbox 528 691 628 780; x_wconf 89' lang='lat' dir='ltr'><strong>atque</strong></span> <span class='ocrx_word' id='word_1_14' title='bbox 644 688 745 756; x_wconf 91' lang='lat' dir='ltr'><strong>urbes</strong></span> <span class='ocrx_word' id='word_1_15' title='bbox 762 688 944 782; x_wconf 76' lang='lat' dir='ltr'><strong>beluasque</strong></span> <span class='ocrx_word' id='word_1_16' title='bbox 963 688 1068 757; x_wconf 90' lang='lat' dir='ltr'><strong>omnis</strong></span> <span class='ocrx_word' id='word_1_17' title='bbox 1087 689 1188 760; x_wconf 88' lang='lat' dir='ltr'><strong>iuuat.</strong></span> 
     </span>
    </p>
   </div>
   <div class='ocr_carea' id='block_1_3' title="bbox 595 822 672 894">
    <p class='ocr_par' dir='ltr' id='par_1_3' title="bbox 595 822 672 894">
     <span class='ocr_line' id='line_1_4' title="bbox 595 822 672 894; baseline 0 0"><span class='ocrx_word' id='word_1_18' title='bbox 595 822 672 894; x_wconf 91' lang='lat' dir='ltr'>VIII</span> 
     </span>
    </p>
   </div>
   <div class='ocr_carea' id='block_1_4' title="bbox 782 927 982 1019">
    <p class='ocr_par' dir='ltr' id='par_1_4' title="bbox 782 927 982 1019">
     <span class='ocr_line' id='line_1_5' title="bbox 782 927 982 1019; baseline 0 -23"><span class='ocrx_word' id='word_1_19' title='bbox 782 927 982 1019; x_wconf 88' lang='lat' dir='ltr'><strong>Proserpina</strong></span> 
     </span>
    </p>
   </div>
   <div class='ocr_carea' id='block_1_5' title="bbox 227 1128 1040 1372">
    <p class='ocr_par' dir='ltr' id='par_1_5' title="bbox 227 1128 1040 1372">
     <span class='ocr_line' id='line_1_6' title="bbox 227 1128 1040 1204; baseline 0 -3"><span class='ocrx_word' id='word_1_20' title='bbox 227 1131 501 1203; x_wconf 83' lang='lat' dir='ltr'>EVHEIIIERVS</span> <span class='ocrx_word' id='word_1_21' title='bbox 529 1132 631 1202; x_wconf 82' lang='lat' dir='ltr'>SIVE</span> <span class='ocrx_word' id='word_1_22' title='bbox 659 1131 807 1203; x_wconf 83' lang='lat' dir='ltr'><strong>SACRA</strong></span> <span class='ocrx_word' id='word_1_23' title='bbox 834 1128 1040 1204; x_wconf 83' lang='lat' dir='ltr'>HISTORIA</span> 
     </span>
     <span class='ocr_line' id='line_1_7' title="bbox 627 1303 641 1372; baseline 0 0"><span class='ocrx_word' id='word_1_24' title='bbox 627 1303 641 1372; x_wconf 97' lang='lat' dir='ltr'>I</span> 
     </span>
    </p>
   </div>
   <div class='ocr_carea' id='block_1_6' title="bbox 80 1419 1193 1724">
    <p class='ocr_par' dir='ltr' id='par_1_6' title="bbox 80 1419 1193 1724">
     <span class='ocr_line' id='line_1_8' title="bbox 184 1419 1193 1513; baseline 0 -23"><span class='ocrx_word' id='word_1_25' title='bbox 184 1422 277 1491; x_wconf 83' lang='lat' dir='ltr'><strong>InitIo</strong></span> <span class='ocrx_word' id='word_1_26' title='bbox 297 1421 423 1513; x_wconf 91' lang='lat' dir='ltr'><strong>primus</strong></span> <span class='ocrx_word' id='word_1_27' title='bbox 445 1420 591 1491; x_wconf 91' lang='lat' dir='ltr'><strong>interris</strong></span> <span class='ocrx_word' id='word_1_28' title='bbox 609 1421 781 1513; x_wconf 91' lang='lat' dir='ltr'><strong>imperium</strong></span> <span class='ocrx_word' id='word_1_29' title='bbox 801 1443 964 1490; x_wconf 92' lang='lat' dir='ltr'><strong>summum</strong></span> <span class='ocrx_word' id='word_1_30' title='bbox 986 1419 1106 1491; x_wconf 88' lang='lat' dir='ltr'><strong>Caelus</strong></span> <span class='ocrx_word' id='word_1_31' title='bbox 1128 1422 1193 1490; x_wconf 92' lang='lat' dir='ltr'><strong>ha-</strong></span> 
     </span>
     <span class='ocr_line' id='line_1_9' title="bbox 80 1524 1193 1620; baseline 0.001 -25"><span class='ocrx_word' id='word_1_32' title='bbox 80 1527 167 1596; x_wconf 90' lang='lat' dir='ltr'><strong>buit:</strong></span> <span class='ocrx_word' id='word_1_33' title='bbox 196 1526 225 1594; x_wconf 93' lang='lat' dir='ltr'><strong>is</strong></span> <span class='ocrx_word' id='word_1_34' title='bbox 250 1525 281 1594; x_wconf 93' lang='lat' dir='ltr'><strong>id</strong></span> <span class='ocrx_word' id='word_1_35' title='bbox 302 1547 443 1618; x_wconf 81' lang='lat' dir='ltr'><strong>regnum</strong></span> <span class='ocrx_word' id='word_1_36' title='bbox 466 1547 531 1594; x_wconf 91' lang='lat' dir='ltr'><strong>uua</strong></span> <span class='ocrx_word' id='word_1_37' title='bbox 558 1526 809 1597; x_wconf 83' lang='lat' dir='ltr'><strong>cumfratribus</strong></span> <span class='ocrx_word' id='word_1_38' title='bbox 838 1524 908 1593; x_wconf 93' lang='lat' dir='ltr'><strong>suis</strong></span> <span class='ocrx_word' id='word_1_39' title='bbox 932 1524 1071 1594; x_wconf 74' lang='lat' dir='ltr'><strong>instituit</strong></span> <span class='ocrx_word' id='word_1_40' title='bbox 1094 1528 1193 1620; x_wconf 88' lang='lat' dir='ltr'><strong>atque</strong></span> 
     </span>
     <span class='ocr_line' id='line_1_10' title="bbox 80 1629 218 1724; baseline -0.022 -24"><span class='ocrx_word' id='word_1_41' title='bbox 80 1629 218 1724; x_wconf 90' lang='lat' dir='ltr'><strong>parauit.</strong></span> 
     </span>
    </p>
   </div>
   <div class='ocr_carea' id='block_1_7' title="bbox 622 1732 650 1801">
    <p class='ocr_par' dir='ltr' id='par_1_7' title="bbox 622 1732 650 1801">
     <span class='ocr_line' id='line_1_11' title="bbox 622 1732 650 1801; baseline 0 0"><span class='ocrx_word' id='word_1_42' title='bbox 622 1732 650 1801; x_wconf 97' lang='lat' dir='ltr'><strong>II</strong></span> 
     </span>
    </p>
   </div>
   <div class='ocr_carea' id='block_1_8' title="bbox 80 1849 1197 2560">
    <p class='ocr_par' dir='ltr' id='par_1_8' title="bbox 80 1849 1197 2560">
     <span class='ocr_line' id='line_1_12' title="bbox 183 1849 1195 1921; baseline -0.003 0"><span class='ocrx_word' id='word_1_43' title='bbox 183 1850 374 1921; x_wconf 88' lang='lat' dir='ltr'><strong>Lactantius</strong></span> <span class='ocrx_word' id='word_1_44' title='bbox 390 1849 461 1918; x_wconf 88' lang='lat' dir='ltr'><strong>Diu.</strong></span> <span class='ocrx_word' id='word_1_45' title='bbox 478 1849 555 1919; x_wconf 88' lang='lat' dir='ltr'><strong>Inst.</strong></span> <span class='ocrx_word' id='word_1_46' title='bbox 573 1850 627 1918; x_wconf 87' lang='lat' dir='ltr'><strong>Ic.</strong></span> <span class='ocrx_word' id='word_1_47' title='bbox 644 1859 679 1919; x_wconf 91' lang='lat'><strong>11</strong></span> <span class='ocrx_word' id='word_1_48' title='bbox 706 1855 818 1919; x_wconf 88' lang='lat' dir='ltr'><strong>‘sacra</strong></span> <span class='ocrx_word' id='word_1_49' title='bbox 837 1871 919 1919; x_wconf 94' lang='lat' dir='ltr'><strong>uero</strong></span> <span class='ocrx_word' id='word_1_50' title='bbox 941 1849 1080 1919; x_wconf 78' lang='lat' dir='ltr'><strong>hiStoria</strong></span> <span class='ocrx_word' id='word_1_51' title='bbox 1098 1850 1195 1918; x_wconf 88' lang='lat' dir='ltr'><strong>etiam</strong></span> 
     </span>
     <span class='ocr_line' id='line_1_13' title="bbox 80 1952 1195 2047; baseline -0.003 -22"><span class='ocrx_word' id='word_1_52' title='bbox 80 1959 155 2025; x_wconf 87' lang='lat' dir='ltr'><strong>ante</strong></span> <span class='ocrx_word' id='word_1_53' title='bbox 184 1955 377 2025; x_wconf 77' lang='lat' dir='ltr'><strong>consedisse</strong></span> <span class='ocrx_word' id='word_1_54' title='bbox 407 1952 452 2021; x_wconf 91' lang='lat' dir='ltr'><strong>illi</strong></span> <span class='ocrx_word' id='word_1_55' title='bbox 483 1953 627 2046; x_wconf 88' lang='lat' dir='ltr'><strong>aquilam</strong></span> <span class='ocrx_word' id='word_1_56' title='bbox 653 1953 686 2021; x_wconf 90' lang='lat' dir='ltr'><strong>in</strong></span> <span class='ocrx_word' id='word_1_57' title='bbox 720 1953 826 2044; x_wconf 84' lang='lat' dir='ltr'><strong>capIte</strong></span> <span class='ocrx_word' id='word_1_58' title='bbox 855 1958 954 2047; x_wconf 91' lang='lat' dir='ltr'><strong>atque</strong></span> <span class='ocrx_word' id='word_1_59' title='bbox 979 1953 1024 2021; x_wconf 92' lang='lat' dir='ltr'><strong>illi</strong></span> <span class='ocrx_word' id='word_1_60' title='bbox 1054 1973 1195 2046; x_wconf 82' lang='lat' dir='ltr'><strong>regnum</strong></span> 
     </span>
     <span class='ocr_line' id='line_1_14' title="bbox 81 2055 1194 2150; baseline -0.004 -22"><span class='ocrx_word' id='word_1_61' title='bbox 81 2058 290 2150; x_wconf 79' lang='lat' dir='ltr'><strong>portendisse</strong></span> <span class='ocrx_word' id='word_1_62' title='bbox 319 2060 470 2126; x_wconf 90' lang='lat' dir='ltr'><strong>testatur.</strong></span> <span class='ocrx_word' id='word_1_63' title='bbox 511 2055 570 2126; x_wconf 88' lang='lat' dir='ltr'><strong>Cui</strong></span> <span class='ocrx_word' id='word_1_64' title='bbox 595 2078 678 2148; x_wconf 84' lang='lat' dir='ltr'><strong>ergo</strong></span> <span class='ocrx_word' id='word_1_65' title='bbox 702 2057 888 2127; x_wconf 84' lang='lat' dir='ltr'><strong>sacrificare</strong></span> <span class='ocrx_word' id='word_1_66' title='bbox 908 2056 1054 2148; x_wconf 89' lang='lat' dir='ltr'><strong>Iuppiter</strong></span> <span class='ocrx_word' id='word_1_67' title='bbox 1077 2057 1194 2149; x_wconf 84' lang='lat' dir='ltr'><strong>potuit,</strong></span> 
     </span>
     <span class='ocr_line' id='line_1_15' title="bbox 82 2158 1196 2252; baseline 0 -22"><span class='ocrx_word' id='word_1_68' title='bbox 82 2162 142 2231; x_wconf 88' lang='lat' dir='ltr'><strong>nisi</strong></span> <span class='ocrx_word' id='word_1_69' title='bbox 160 2160 261 2231; x_wconf 88' lang='lat' dir='ltr'><strong>Caelo</strong></span> <span class='ocrx_word' id='word_1_70' title='bbox 283 2160 372 2230; x_wconf 87' lang='lat' dir='ltr'><strong>auo?</strong></span> <span class='ocrx_word' id='word_1_71' title='bbox 395 2182 492 2252; x_wconf 89' lang='lat' dir='ltr'><strong>quem</strong></span> <span class='ocrx_word' id='word_1_72' title='bbox 512 2161 588 2229; x_wconf 87' lang='lat' dir='ltr'><strong>dicit</strong></span> <span class='ocrx_word' id='word_1_73' title='bbox 602 2160 807 2230; x_wconf 85' lang='lat' dir='ltr'><strong>Euhemerus</strong></span> <span class='ocrx_word' id='word_1_74' title='bbox 823 2162 861 2229; x_wconf 96' lang='lat' dir='ltr'><strong>in</strong></span> <span class='ocrx_word' id='word_1_75' title='bbox 881 2158 1064 2231; x_wconf 79' lang='lat' dir='ltr'><strong>Oceania</strong></span> <span class='ocrx_word' id='word_1_76' title='bbox 1083 2183 1196 2230; x_wconf 94' lang='lat' dir='ltr'><strong>mor-</strong></span> 
     </span>
     <span class='ocr_line' id='line_1_16' title="bbox 81 2261 1196 2355; baseline -0.003 -20"><span class='ocrx_word' id='word_1_77' title='bbox 81 2270 194 2335; x_wconf 92' lang='lat' dir='ltr'><strong>tuum</strong></span> <span class='ocrx_word' id='word_1_78' title='bbox 221 2267 258 2332; x_wconf 91' lang='lat' dir='ltr'><strong>et</strong></span> <span class='ocrx_word' id='word_1_79' title='bbox 283 2265 322 2332; x_wconf 96' lang='lat' dir='ltr'><strong>in</strong></span> <span class='ocrx_word' id='word_1_80' title='bbox 343 2264 495 2353; x_wconf 92' lang='lat' dir='ltr'><strong>oppido</strong></span> <span class='ocrx_word' id='word_1_81' title='bbox 520 2263 696 2333; x_wconf 78' lang='lat' dir='ltr'><strong>Aulacia</strong></span> <span class='ocrx_word' id='word_1_82' title='bbox 719 2263 947 2355; x_wconf 90' lang='lat' dir='ltr'><strong>sepultum’</strong></span> <span class='ocrx_word' id='word_1_83' title='bbox 995 2261 1196 2351; x_wconf 87' lang='lat' dir='ltr'><strong>(Oceania</strong></span> 
     </span>
     <span class='ocr_line' id='line_1_17' title="bbox 82 2365 1197 2459; baseline 0 -22"><span class='ocrx_word' id='word_1_84' title='bbox 82 2391 144 2437; x_wconf 82' lang='lat' dir='ltr'><strong>sex</strong></span> <span class='ocrx_word' id='word_1_85' title='bbox 163 2368 247 2459; x_wconf 79' lang='lat' dir='ltr'><strong>neg.</strong></span> <span class='ocrx_word' id='word_1_86' title='bbox 274 2367 358 2434; x_wconf 90' lang='lat' dir='ltr'><strong>inter</strong></span> <span class='ocrx_word' id='word_1_87' title='bbox 375 2389 459 2458; x_wconf 89' lang='lat' dir='ltr'><strong>quos</strong></span> <span class='ocrx_word' id='word_1_88' title='bbox 487 2367 700 2437; x_wconf 86' lang='lat' dir='ltr'><strong>uetustissimi</strong></span> <span class='ocrx_word' id='word_1_89' title='bbox 716 2372 748 2436; x_wconf 90' lang='lat' dir='ltr'><strong>et</strong></span> <span class='ocrx_word' id='word_1_90' title='bbox 764 2368 874 2457; x_wconf 84' lang='lat' dir='ltr'><strong>optimi</strong></span> <span class='ocrx_word' id='word_1_91' title='bbox 892 2367 968 2436; x_wconf 89' lang='lat' dir='ltr'><strong>duo.</strong></span> <span class='ocrx_word' id='word_1_92' title='bbox 990 2365 1197 2437; x_wconf 85' lang='lat' dir='ltr'><strong>Occeania</strong></span> 
     </span>
     <span class='ocr_line' id='line_1_18' title="bbox 82 2468 828 2560; baseline -0.003 -20"><span class='ocrx_word' id='word_1_93' title='bbox 82 2473 154 2540; x_wconf 92' lang='lat' dir='ltr'><strong>siue</strong></span> <span class='ocrx_word' id='word_1_94' title='bbox 176 2469 363 2539; x_wconf 90' lang='lat' dir='ltr'><strong>Occeana</strong></span> <span class='ocrx_word' id='word_1_95' title='bbox 384 2470 456 2538; x_wconf 93' lang='lat' dir='ltr'><strong>siue</strong></span> <span class='ocrx_word' id='word_1_96' title='bbox 476 2468 650 2541; x_wconf 88' lang='lat' dir='ltr'><strong>Octauia</strong></span> <span class='ocrx_word' id='word_1_97' title='bbox 669 2470 720 2540; x_wconf 90' lang='lat' dir='ltr'><strong>alii</strong></span> <span class='ocrx_word' id='word_1_98' title='bbox 744 2471 828 2560; x_wconf 85' lang='lat' dir='ltr'><strong>libri)</strong></span> 
     </span>
    </p>
   </div>
   <div class='ocr_carea' id='block_1_9' title="bbox 618 2608 660 2677">
    <p class='ocr_par' dir='ltr' id='par_1_9' title="bbox 618 2608 660 2677">
     <span class='ocr_line' id='line_1_19' title="bbox 618 2608 660 2677; baseline 0 -1"><span class='ocrx_word' id='word_1_99' title='bbox 618 2608 660 2677; x_wconf 99' lang='lat' dir='ltr'><strong>III</strong></span> 
     </span>
    </p>
   </div>
   <div class='ocr_carea' id='block_1_10' title="bbox 82 2708 1238 3110">
    <p class='ocr_par' dir='ltr' id='par_1_10' title="bbox 82 2708 1238 3110">
     <span class='ocr_line' id='line_1_20' title="bbox 187 2708 1197 2802; baseline -0.001 -25"><span class='ocrx_word' id='word_1_100' title='bbox 187 2708 273 2778; x_wconf 84' lang='lat' dir='ltr'><strong>Exin</strong></span> <span class='ocrx_word' id='word_1_101' title='bbox 294 2708 458 2779; x_wconf 88' lang='lat' dir='ltr'><strong>Saturnus</strong></span> <span class='ocrx_word' id='word_1_102' title='bbox 477 2734 616 2780; x_wconf 84' lang='lat' dir='ltr'><strong>uxerem</strong></span> <span class='ocrx_word' id='word_1_103' title='bbox 635 2711 727 2780; x_wconf 84' lang='lat' dir='ltr'><strong>duxIt</strong></span> <span class='ocrx_word' id='word_1_104' title='bbox 746 2708 860 2801; x_wconf 86' lang='lat' dir='ltr'><strong>Opem.</strong></span> <span class='ocrx_word' id='word_1_105' title='bbox 904 2710 996 2779; x_wconf 81' lang='lat' dir='ltr'><strong>Titan</strong></span> <span class='ocrx_word' id='word_1_106' title='bbox 1018 2709 1073 2802; x_wconf 94' lang='lat' dir='ltr'><strong>qui</strong></span> <span class='ocrx_word' id='word_1_107' title='bbox 1094 2709 1197 2778; x_wconf 86' lang='lat' dir='ltr'><strong>maior</strong></span> 
     </span>
     <span class='ocr_line' id='line_1_21' title="bbox 82 2813 1238 2905; baseline -0.001 -22"><span class='ocrx_word' id='word_1_108' title='bbox 82 2816 161 2883; x_wconf 86' lang='lat' dir='ltr'><strong>natu</strong></span> <span class='ocrx_word' id='word_1_109' title='bbox 187 2816 256 2882; x_wconf 90' lang='lat' dir='ltr'><strong>erat</strong></span> <span class='ocrx_word' id='word_1_110' title='bbox 283 2814 429 2903; x_wconf 90' lang='lat' dir='ltr'><strong>postulat</strong></span> <span class='ocrx_word' id='word_1_111' title='bbox 455 2817 491 2882; x_wconf 94' lang='lat' dir='ltr'><strong>ut</strong></span> <span class='ocrx_word' id='word_1_112' title='bbox 513 2815 585 2904; x_wconf 90' lang='lat' dir='ltr'><strong>ipse</strong></span> <span class='ocrx_word' id='word_1_113' title='bbox 606 2816 771 2905; x_wconf 84' lang='lat' dir='ltr'><strong>regnaret.</strong></span> <span class='ocrx_word' id='word_1_114' title='bbox 813 2814 858 2882; x_wconf 91' lang='lat' dir='ltr'><strong>lbi</strong></span> <span class='ocrx_word' id='word_1_115' title='bbox 882 2813 988 2882; x_wconf 90' lang='lat' dir='ltr'><strong>Vesta</strong></span> <span class='ocrx_word' id='word_1_116' title='bbox 1010 2816 1114 2881; x_wconf 89' lang='lat' dir='ltr'><strong>mater</strong></span> <span class='ocrx_word' id='word_1_117' title='bbox 1134 2823 1238 2882; x_wconf 83' lang='lat' dir='ltr'><strong>eo-5</strong></span> 
     </span>
     <span class='ocr_line' id='line_1_22' title="bbox 83 2913 1198 3007; baseline -0.003 -22"><span class='ocrx_word' id='word_1_118' title='bbox 83 2939 155 2985; x_wconf 95' lang='lat' dir='ltr'><strong>rum</strong></span> <span class='ocrx_word' id='word_1_119' title='bbox 175 2919 207 2984; x_wconf 95' lang='lat' dir='ltr'><strong>et</strong></span> <span class='ocrx_word' id='word_1_120' title='bbox 234 2938 370 2985; x_wconf 91' lang='lat' dir='ltr'><strong>sorores</strong></span> <span class='ocrx_word' id='word_1_121' title='bbox 391 2916 492 2986; x_wconf 88' lang='lat' dir='ltr'><strong>Ceres</strong></span> <span class='ocrx_word' id='word_1_122' title='bbox 516 2921 614 3007; x_wconf 88' lang='lat' dir='ltr'><strong>atque</strong></span> <span class='ocrx_word' id='word_1_123' title='bbox 637 2913 707 3006; x_wconf 87' lang='lat' dir='ltr'><strong>Ops</strong></span> <span class='ocrx_word' id='word_1_124' title='bbox 736 2916 876 2984; x_wconf 86' lang='lat' dir='ltr'><strong>suadent</strong></span> <span class='ocrx_word' id='word_1_125' title='bbox 900 2914 1062 3000; x_wconf 83' lang='lat' dir='ltr'><strong>Saturno,</strong></span> <span class='ocrx_word' id='word_1_126' title='bbox 1097 2919 1132 2983; x_wconf 96' lang='lat' dir='ltr'><strong>ut</strong></span> <span class='ocrx_word' id='word_1_127' title='bbox 1157 2915 1198 2982; x_wconf 90' lang='lat' dir='ltr'><strong>de</strong></span> 
     </span>
     <span class='ocr_line' id='line_1_23' title="bbox 85 3018 1198 3110; baseline -0.004 -21"><span class='ocrx_word' id='word_1_128' title='bbox 85 3041 190 3110; x_wconf 82' lang='lat' dir='ltr'><strong>regno</strong></span> <span class='ocrx_word' id='word_1_129' title='bbox 208 3040 275 3086; x_wconf 93' lang='lat' dir='ltr'><strong>non</strong></span> <span class='ocrx_word' id='word_1_130' title='bbox 292 3019 451 3088; x_wconf 90' lang='lat' dir='ltr'><strong>concedat</strong></span> <span class='ocrx_word' id='word_1_131' title='bbox 472 3019 572 3087; x_wconf 85' lang='lat' dir='ltr'><strong>fratri.</strong></span> <span class='ocrx_word' id='word_1_132' title='bbox 610 3018 656 3088; x_wconf 91' lang='lat' dir='ltr'><strong>Ibi</strong></span> <span class='ocrx_word' id='word_1_133' title='bbox 676 3019 772 3087; x_wconf 85' lang='lat' dir='ltr'><strong>Titan</strong></span> <span class='ocrx_word' id='word_1_134' title='bbox 791 3019 845 3110; x_wconf 93' lang='lat' dir='ltr'><strong>qui</strong></span> <span class='ocrx_word' id='word_1_135' title='bbox 868 3018 949 3086; x_wconf 83' lang='lat' dir='ltr'><strong>facie</strong></span> <span class='ocrx_word' id='word_1_136' title='bbox 972 3018 1116 3086; x_wconf 80' lang='lat' dir='ltr'><strong>deterior</strong></span> <span class='ocrx_word' id='word_1_137' title='bbox 1138 3038 1198 3085; x_wconf 90' lang='lat' dir='ltr'><strong>es-</strong></span> 
     </span>
    </p>
   </div>
   <div class='ocr_carea' id='block_1_11' title="bbox 85 3196 1201 3634">
    <p class='ocr_par' dir='ltr' id='par_1_11' title="bbox 86 3196 1201 3422">
     <span class='ocr_line' id='line_1_24' title="bbox 87 3196 1198 3282; baseline -0.001 -13"><span class='ocrx_word' id='word_1_138' title='bbox 87 3222 158 3279; x_wconf 87' lang='lat' dir='ltr'><strong>luno,</strong></span> <span class='ocrx_word' id='word_1_139' title='bbox 179 3219 257 3282; x_wconf 87' lang='lat' dir='ltr'><strong>quod,</strong></span> <span class='ocrx_word' id='word_1_140' title='bbox 276 3225 304 3267; x_wconf 90' lang='lat' dir='ltr'><strong>ut</strong></span> <span class='ocrx_word' id='word_1_141' title='bbox 318 3219 353 3267; x_wconf 87' lang='lat' dir='ltr'><strong>ait</strong></span> <span class='ocrx_word' id='word_1_142' title='bbox 366 3219 476 3267; x_wconf 82' lang='lat' dir='ltr'><strong>Ennius:</strong></span> <span class='ocrx_word' id='word_1_143' title='bbox 498 3219 587 3267; x_wconf 89' lang='lat' dir='ltr'><strong>istic’</strong></span> <span class='ocrx_word' id='word_1_144' title='bbox 604 3236 627 3269; x_wconf 91' lang='lat' dir='ltr'><strong>e.</strong></span> <span class='ocrx_word' id='word_1_145' title='bbox 642 3236 666 3282; x_wconf 89' lang='lat' dir='ltr'><strong>q.</strong></span> <span class='ocrx_word' id='word_1_146' title='bbox 682 3235 703 3269; x_wconf 88' lang='lat' dir='ltr'><strong>s.</strong></span> <span class='ocrx_word' id='word_1_147' title='bbox 776 3219 836 3267; x_wconf 91' lang='lat' dir='ltr'>VIII</span> <span class='ocrx_word' id='word_1_148' title='bbox 855 3217 937 3266; x_wconf 87' lang='lat' dir='ltr'><strong>Varro</strong></span> <span class='ocrx_word' id='word_1_149' title='bbox 950 3196 1024 3269; x_wconf 49' lang='grc' dir='ltr'><strong>(ἢ.</strong></span> <span class='ocrx_word' id='word_1_150' title='bbox 1038 3219 1067 3268; x_wconf 91' lang='lat' dir='ltr'><strong>L.</strong></span> <span class='ocrx_word' id='word_1_151' title='bbox 1083 3219 1106 3267; x_wconf 94' lang='lat' dir='ltr'>V</span> <span class='ocrx_word' id='word_1_152' title='bbox 1120 3217 1154 3270; x_wconf 81' lang='lat'><strong>68</strong></span> <span class='ocrx_word' id='word_1_153' title='bbox 1164 3219 1198 3268; x_wconf 90' lang='lat' dir='ltr'><strong>M.</strong></span> 
     </span>
     <span class='ocr_line' id='line_1_25' title="bbox 87 3288 1201 3354; baseline -0.001 -15"><span class='ocrx_word' id='word_1_154' title='bbox 87 3291 162 3339; x_wconf 83' lang='lat' dir='ltr'><strong>‘hiae</strong></span> <span class='ocrx_word' id='word_1_155' title='bbox 181 3289 351 3354; x_wconf 78' lang='lat' dir='ltr'><strong>Epicharmus</strong></span> <span class='ocrx_word' id='word_1_156' title='bbox 372 3289 436 3337; x_wconf 88' lang='lat' dir='ltr'><strong>Enni</strong></span> <span class='ocrx_word' id='word_1_157' title='bbox 461 3288 688 3354; x_wconf 86' lang='lat' dir='ltr'><strong>Proserpinam</strong></span> <span class='ocrx_word' id='word_1_158' title='bbox 713 3304 813 3352; x_wconf 88' lang='lat' dir='ltr'><strong>quoque</strong></span> <span class='ocrx_word' id='word_1_159' title='bbox 843 3288 971 3352; x_wconf 86' lang='lat' dir='ltr'><strong>appellat,</strong></span> <span class='ocrx_word' id='word_1_160' title='bbox 1003 3289 1087 3352; x_wconf 90' lang='lat' dir='ltr'><strong>quod</strong></span> <span class='ocrx_word' id='word_1_161' title='bbox 1111 3288 1201 3338; x_wconf 85' lang='lat' dir='ltr'><strong>solet</strong></span> 
     </span>
     <span class='ocr_line' id='line_1_26' title="bbox 86 3355 795 3422; baseline -0.001 -13"><span class='ocrx_word' id='word_1_162' title='bbox 86 3376 159 3410; x_wconf 86' lang='lat' dir='ltr'><strong>esse</strong></span> <span class='ocrx_word' id='word_1_163' title='bbox 174 3360 229 3408; x_wconf 88' lang='lat' dir='ltr'><strong>sub</strong></span> <span class='ocrx_word' id='word_1_164' title='bbox 247 3359 365 3408; x_wconf 72' lang='lat' dir='ltr'><strong>terris.⁷</strong></span> <span class='ocrx_word' id='word_1_165' title='bbox 385 3358 485 3422; x_wconf 84' lang='lat' dir='ltr'><strong>(Enni</strong></span> <span class='ocrx_word' id='word_1_166' title='bbox 501 3358 575 3408; x_wconf 88' lang='lat' dir='ltr'><strong>Goth.</strong></span> <span class='ocrx_word' id='word_1_167' title='bbox 591 3359 687 3408; x_wconf 85' lang='lat' dir='ltr'><strong>Ennii</strong></span> <span class='ocrx_word' id='word_1_168' title='bbox 704 3355 795 3421; x_wconf 87' lang='lat' dir='ltr'><strong>ceteri)</strong></span> 
     </span>
    </p>

    <p class='ocr_par' dir='ltr' id='par_1_12' title="bbox 85 3426 1201 3634">
     <span class='ocr_line' id='line_1_27' title="bbox 120 3426 1201 3489; baseline 0 -11"><span class='ocrx_word' id='word_1_169' title='bbox 120 3431 295 3478; x_wconf 78' lang='lat' dir='ltr'><strong>Evnauanvs</strong></span> <span class='ocrx_word' id='word_1_170' title='bbox 332 3427 509 3477; x_wconf 87' lang='lat' dir='ltr'><strong>ILactantins</strong></span> <span class='ocrx_word' id='word_1_171' title='bbox 528 3429 586 3477; x_wconf 87' lang='lat' dir='ltr'><strong>Diu.</strong></span> <span class='ocrx_word' id='word_1_172' title='bbox 603 3431 663 3477; x_wconf 89' lang='lat' dir='ltr'><strong>lust.</strong></span> <span class='ocrx_word' id='word_1_173' title='bbox 682 3430 734 3478; x_wconf 90' lang='lat' dir='ltr'><strong>lc</strong></span> <span class='ocrx_word' id='word_1_174' title='bbox 752 3427 803 3478; x_wconf 78' lang='lat'><strong>13‘</strong></span> <span class='ocrx_word' id='word_1_175' title='bbox 811 3426 908 3475; x_wconf 87' lang='lat' dir='ltr'><strong>Ennius</strong></span> <span class='ocrx_word' id='word_1_176' title='bbox 926 3426 1028 3489; x_wconf 89' lang='lat' dir='ltr'><strong>quidem</strong></span> <span class='ocrx_word' id='word_1_177' title='bbox 1049 3428 1201 3478; x_wconf 81' lang='lat' dir='ltr'><strong>inlluhe-</strong></span> 
     </span>
     <span class='ocr_line' id='line_1_28' title="bbox 85 3497 1199 3564; baseline 0 -17"><span class='ocrx_word' id='word_1_178' title='bbox 85 3514 168 3548; x_wconf 89' lang='lat' dir='ltr'><strong>mero</strong></span> <span class='ocrx_word' id='word_1_179' title='bbox 185 3513 234 3547; x_wconf 89' lang='lat' dir='ltr'><strong>uon</strong></span> <span class='ocrx_word' id='word_1_180' title='bbox 250 3500 362 3564; x_wconf 91' lang='lat' dir='ltr'><strong>primum</strong></span> <span class='ocrx_word' id='word_1_181' title='bbox 377 3497 438 3547; x_wconf 87' lang='lat' dir='ltr'><strong>dicit</strong></span> <span class='ocrx_word' id='word_1_182' title='bbox 454 3512 576 3563; x_wconf 82' lang='lat' dir='ltr'><strong>regnasse</strong></span> <span class='ocrx_word' id='word_1_183' title='bbox 589 3498 740 3559; x_wconf 86' lang='lat' dir='ltr'><strong>Saturnum,</strong></span> <span class='ocrx_word' id='word_1_184' title='bbox 760 3497 806 3548; x_wconf 91' lang='lat' dir='ltr'><strong>sed</strong></span> <span class='ocrx_word' id='word_1_185' title='bbox 818 3497 932 3545; x_wconf 89' lang='lat' dir='ltr'><strong>Vranum</strong></span> <span class='ocrx_word' id='word_1_186' title='bbox 947 3504 1054 3561; x_wconf 89' lang='lat' dir='ltr'><strong>patrem.</strong></span> <span class='ocrx_word' id='word_1_187' title='bbox 1086 3499 1199 3558; x_wconf 88' lang='lat' dir='ltr'><strong>Initi0‚</strong></span> 
     </span>
     <span class='ocr_line' id='line_1_29' title="bbox 86 3558 1199 3634; baseline 0 -17"><span class='ocrx_word' id='word_1_188' title='bbox 86 3569 182 3631; x_wconf 85' lang='lat' dir='ltr'><strong>inquit,</strong></span> <span class='ocrx_word' id='word_1_189' title='bbox 202 3570 338 3634; x_wconf 84' lang='lat' dir='ltr'><strong>prImus&#39;</strong></span> <span class='ocrx_word' id='word_1_190' title='bbox 358 3583 450 3631; x_wconf 77' lang='lat' dir='ltr'><strong>eqs.</strong></span> <span class='ocrx_word' id='word_1_191' title='bbox 477 3568 516 3618; x_wconf 85' lang='lat' dir='ltr'><strong>Of.</strong></span> <span class='ocrx_word' id='word_1_192' title='bbox 528 3569 720 3634; x_wconf 81' lang='lat' dir='ltr'><strong>Epitomsc.14</strong></span> <span class='ocrx_word' id='word_1_193' title='bbox 791 3567 835 3616; x_wconf 91' lang='lat' dir='ltr'><strong>III.</strong></span> <span class='ocrx_word' id='word_1_194' title='bbox 847 3558 882 3615; x_wconf 93' lang='lat' dir='ltr'><strong>IV</strong></span> <span class='ocrx_word' id='word_1_195' title='bbox 900 3562 1047 3617; x_wconf 76' lang='lat' dir='ltr'><strong>Lactantius</strong></span> <span class='ocrx_word' id='word_1_196' title='bbox 1061 3568 1120 3617; x_wconf 87' lang='lat' dir='ltr'><strong>Dru</strong></span> <span class='ocrx_word' id='word_1_197' title='bbox 1138 3570 1199 3618; x_wconf 85' lang='lat' dir='ltr'><strong>lust.</strong></span> 
     </span>
    </p>
   </div>
   <div class='ocr_carea' id='block_1_12' title="bbox 86 3738 1225 4414">
    <p class='ocr_par' dir='ltr' id='par_1_13' title="bbox 86 3738 1225 4064">
     <span class='ocr_line' id='line_1_30' title="bbox 131 3738 1198 3814; baseline -0.001 -16"><span class='ocrx_word' id='word_1_198' title='bbox 131 3749 160 3798; x_wconf 89' lang='lat' dir='ltr'><strong>tt</strong></span> <span class='ocrx_word' id='word_1_199' title='bbox 183 3742 289 3796; x_wconf 84' lang='lat' dir='ltr'><strong>haecce</strong></span> <span class='ocrx_word' id='word_1_200' title='bbox 312 3741 483 3814; x_wconf 73' lang='lat' dir='ltr'><strong>Spenpeliuc.</strong></span> <span class='ocrx_word' id='word_1_201' title='bbox 508 3743 560 3798; x_wconf 89' lang='lat' dir='ltr'><strong>hee</strong></span> <span class='ocrx_word' id='word_1_202' title='bbox 585 3743 665 3798; x_wconf 81' lang='lat' dir='ltr'><strong>Flor.</strong></span> <span class='ocrx_word' id='word_1_203' title='bbox 688 3741 759 3797; x_wconf 88' lang='lat' dir='ltr'><strong>haec</strong></span> <span class='ocrx_word' id='word_1_204' title='bbox 782 3740 868 3795; x_wconf 84' lang='lat' dir='ltr'><strong>ceteri</strong></span> <span class='ocrx_word' id='word_1_205' title='bbox 887 3738 963 3801; x_wconf 83' lang='lat' dir='ltr'><strong>libri.¹</strong></span> <span class='ocrx_word' id='word_1_206' title='bbox 984 3741 1069 3798; x_wconf 83' lang='lat' dir='ltr'><strong>Istaec</strong></span> <span class='ocrx_word' id='word_1_207' title='bbox 1093 3742 1198 3798; x_wconf 82' lang='lat' dir='ltr'><strong>Turne·</strong></span> 
     </span>
     <span class='ocr_line' id='line_1_31' title="bbox 86 3817 1225 3899; baseline 0.002 -19"><span class='ocrx_word' id='word_1_208' title='bbox 86 3827 136 3881; x_wconf 82' lang='lat' dir='ltr'><strong>bus</strong></span> <span class='ocrx_word' id='word_1_209' title='bbox 220 3827 413 3896; x_wconf 84' lang='lat' dir='ltr'><strong>IupiterFlor.</strong></span> <span class='ocrx_word' id='word_1_210' title='bbox 502 3817 680 3899; x_wconf 41' lang='lat' dir='ltr'><strong>lb&#39;quoniam</strong></span> <span class='ocrx_word' id='word_1_211' title='bbox 696 3825 1225 3898; x_wconf 81' lang='lat' dir='ltr'><strong>O.Muellcruc.quaFlor.cumplc-·</strong></span> 
     </span>
     <span class='ocr_line' id='line_1_32' title="bbox 86 3910 1202 3983; baseline 0.002 -19"><span class='ocrx_word' id='word_1_212' title='bbox 86 3913 189 3982; x_wconf 80' lang='lat' dir='ltr'><strong>risque.</strong></span> <span class='ocrx_word' id='word_1_213' title='bbox 202 3911 266 3980; x_wconf 88' lang='lat' dir='ltr'><strong>quia</strong></span> <span class='ocrx_word' id='word_1_214' title='bbox 275 3910 371 3965; x_wconf 84' lang='lat' dir='ltr'><strong>Haun.</strong></span> <span class='ocrx_word' id='word_1_215' title='bbox 384 3917 413 3965; x_wconf 84' lang='lat' dir='ltr'><strong>ut</strong></span> <span class='ocrx_word' id='word_1_216' title='bbox 423 3913 480 3966; x_wconf 83' lang='lat' dir='ltr'><strong>uid.</strong></span> <span class='ocrx_word' id='word_1_217' title='bbox 567 3913 690 3967; x_wconf 87' lang='lat' dir='ltr'><strong>mortalis</strong></span> <span class='ocrx_word' id='word_1_218' title='bbox 704 3913 780 3969; x_wconf 81' lang='lat' dir='ltr'><strong>Flor.</strong></span> <span class='ocrx_word' id='word_1_219' title='bbox 793 3927 854 3966; x_wconf 79' lang='lat' dir='ltr'><strong>cerm</strong></span> <span class='ocrx_word' id='word_1_220' title='bbox 866 3913 962 3965; x_wconf 79' lang='lat' dir='ltr'><strong>ceteris</strong></span> <span class='ocrx_word' id='word_1_221' title='bbox 1047 3914 1202 3983; x_wconf 88' lang='lat' dir='ltr'><strong>beluasque</strong></span> 
     </span>
     <span class='ocr_line' id='line_1_33' title="bbox 87 3996 916 4064; baseline -0.002 -13"><span class='ocrx_word' id='word_1_222' title='bbox 87 3996 166 4051; x_wconf 81' lang='lat' dir='ltr'><strong>Flor.</strong></span> <span class='ocrx_word' id='word_1_223' title='bbox 181 3996 343 4064; x_wconf 84' lang='lat' dir='ltr'><strong>belluasque</strong></span> <span class='ocrx_word' id='word_1_224' title='bbox 361 3998 445 4049; x_wconf 84' lang='lat' dir='ltr'><strong>ceteri</strong></span> <span class='ocrx_word' id='word_1_225' title='bbox 529 3996 599 4050; x_wconf 90' lang='lat' dir='ltr'><strong>omis</strong></span> <span class='ocrx_word' id='word_1_226' title='bbox 619 3997 698 4052; x_wconf 81' lang='lat' dir='ltr'><strong>Flor.</strong></span> <span class='ocrx_word' id='word_1_227' title='bbox 717 4013 814 4051; x_wconf 91' lang='lat' dir='ltr'><strong>omnes</strong></span> <span class='ocrx_word' id='word_1_228' title='bbox 831 3997 916 4050; x_wconf 83' lang='lat' dir='ltr'><strong>ceteri</strong></span> 
     </span>
    </p>

    <p class='ocr_par' dir='ltr' id='par_1_14' title="bbox 129 4077 1156 4151">
     <span class='ocr_line' id='line_1_34' title="bbox 129 4077 1156 4151; baseline -0.004 -13"><span class='ocrx_word' id='word_1_229' title='bbox 129 4086 144 4138; x_wconf 94' lang='lat' dir='ltr'><strong>l</strong></span> <span class='ocrx_word' id='word_1_230' title='bbox 169 4077 269 4134; x_wconf 84' lang='lat' dir='ltr'><strong>Caelus</strong></span> <span class='ocrx_word' id='word_1_231' title='bbox 287 4079 357 4133; x_wconf 83' lang='lat' dir='ltr'><strong>libri</strong></span> <span class='ocrx_word' id='word_1_232' title='bbox 374 4080 489 4135; x_wconf 87' lang='lat' dir='ltr'><strong>Vranus</strong></span> <span class='ocrx_word' id='word_1_233' title='bbox 505 4081 635 4136; x_wconf 79' lang='lat' dir='ltr'><strong>editiones</strong></span> <span class='ocrx_word' id='word_1_234' title='bbox 718 4088 736 4140; x_wconf 74' lang='lat'><strong>2</strong></span> <span class='ocrx_word' id='word_1_235' title='bbox 757 4083 816 4136; x_wconf 91' lang='lat' dir='ltr'><strong>suis</strong></span> <span class='ocrx_word' id='word_1_236' title='bbox 833 4081 885 4135; x_wconf 89' lang='lat' dir='ltr'><strong>sibi</strong></span> <span class='ocrx_word' id='word_1_237' title='bbox 901 4080 1018 4136; x_wconf 85' lang='lat' dir='ltr'><strong>instituit</strong></span> <span class='ocrx_word' id='word_1_238' title='bbox 1032 4080 1156 4151; x_wconf 84' lang='lat' dir='ltr'><strong>Epitome</strong></span> 
     </span>
    </p>

    <p class='ocr_par' dir='ltr' id='par_1_15' title="bbox 86 4163 1199 4414">
     <span class='ocr_line' id='line_1_35' title="bbox 129 4163 1196 4237; baseline -0.002 -15"><span class='ocrx_word' id='word_1_239' title='bbox 129 4165 179 4222; x_wconf 81' lang='lat' dir='ltr'><strong>Is</strong></span> <span class='ocrx_word' id='word_1_240' title='bbox 179 4165 240 4217; x_wconf 89' lang='lat' dir='ltr'><strong>acie</strong></span> <span class='ocrx_word' id='word_1_241' title='bbox 256 4163 377 4217; x_wconf 87' lang='lat' dir='ltr'><strong>deterior</strong></span> <span class='ocrx_word' id='word_1_242' title='bbox 393 4166 518 4236; x_wconf 78' lang='lat' dir='ltr'><strong>plerique</strong></span> <span class='ocrx_word' id='word_1_243' title='bbox 535 4166 614 4220; x_wconf 81' lang='lat' dir='ltr'><strong>libri.</strong></span> <span class='ocrx_word' id='word_1_244' title='bbox 623 4168 703 4221; x_wconf 80' lang='lat' dir='ltr'><strong>facilc</strong></span> <span class='ocrx_word' id='word_1_245' title='bbox 722 4167 843 4220; x_wconf 88' lang='lat' dir='ltr'><strong>deterior</strong></span> <span class='ocrx_word' id='word_1_246' title='bbox 859 4167 925 4237; x_wconf 83' lang='lat' dir='ltr'><strong>aliq.</strong></span> <span class='ocrx_word' id='word_1_247' title='bbox 941 4165 1004 4220; x_wconf 83' lang='lat' dir='ltr'><strong>libri</strong></span> <span class='ocrx_word' id='word_1_248' title='bbox 1019 4181 1080 4220; x_wconf 74' lang='lat' dir='ltr'><strong>crim</strong></span> <span class='ocrx_word' id='word_1_249' title='bbox 1095 4166 1196 4236; x_wconf 77' lang='lat' dir='ltr'><strong>pleris-</strong></span> 
     </span>
     <span class='ocr_line' id='line_1_36' title="bbox 86 4237 1199 4352; baseline 0.001 -49"><span class='ocrx_word' id='word_1_250' title='bbox 86 4264 138 4320; x_wconf 81' lang='lat' dir='ltr'><strong>quc</strong></span> <span class='ocrx_word' id='word_1_251' title='bbox 153 4249 214 4306; x_wconf 85' lang='lat' dir='ltr'><strong>edd</strong></span> <span class='ocrx_word' id='word_1_252' title='bbox 248 4247 292 4320; x_wconf 80' lang='lat' dir='ltr'><strong>Of.</strong></span> <span class='ocrx_word' id='word_1_253' title='bbox 309 4248 403 4319; x_wconf 84' lang='lat' dir='ltr'><strong>Sibyll</strong></span> <span class='ocrx_word' id='word_1_254' title='bbox 423 4249 515 4306; x_wconf 85' lang='lat' dir='ltr'><strong>Oorm.</strong></span> <span class='ocrx_word' id='word_1_255' title='bbox 534 4251 589 4306; x_wconf 92' lang='lat' dir='ltr'><strong>III</strong></span> <span class='ocrx_word' id='word_1_256' title='bbox 605 4254 657 4309; x_wconf 74' lang='lat'><strong>127</strong></span> <span class='ocrx_word' id='word_1_257' title='bbox 679 4248 731 4305; x_wconf 84' lang='grc' dir='ltr'><strong>καί</strong></span> <span class='ocrx_word' id='word_1_258' title='bbox 746 4269 763 4326; x_wconf 84' lang='lat' dir='ltr'><strong>p</strong></span> <span class='ocrx_word' id='word_1_259' title='bbox 768 4237 879 4346; x_wconf 69' lang='grc' dir='ltr'><strong><em>ἔκριτ</em></strong></span> <span class='ocrx_word' id='word_1_260' title='bbox 880 4268 918 4304; x_wconf 89' lang='grc' dir='ltr'><strong>αν</strong></span> <span class='ocrx_word' id='word_1_261' title='bbox 903 4247 1064 4352; x_wconf 76' lang='grc' dir='ltr'><em>βασιλῆα</em></span> <span class='ocrx_word' id='word_1_262' title='bbox 1081 4237 1199 4322; x_wconf 81' lang='grc' dir='ltr'><strong><em>Κρόνον</em></strong></span> 
     </span>
     <span class='ocr_line' id='line_1_37' title="bbox 86 4319 1199 4414; baseline 0.006 -26"><span class='ocrx_word' id='word_1_263' title='bbox 86 4321 207 4389; x_wconf 75' lang='grc' dir='ltr'><em>πάντων</em></span> <span class='ocrx_word' id='word_1_264' title='bbox 232 4322 399 4408; x_wconf 65' lang='lat' dir='ltr'><strong>deocletiano</strong></span> <span class='ocrx_word' id='word_1_265' title='bbox 427 4322 546 4393; x_wconf 67' lang='lat' dir='ltr'><strong>obvenit</strong></span> <span class='ocrx_word' id='word_1_266' title='bbox 572 4350 617 4392; x_wconf 83' lang='grc' dir='ltr'><strong>τοι</strong></span> <span class='ocrx_word' id='word_1_267' title='bbox 644 4319 871 4412; x_wconf 78' lang='grc' dir='ltr'><strong><em>πρέσβιστός’</em></strong></span> <span class='ocrx_word' id='word_1_268' title='bbox 843 4353 859 4390; x_wconf 84' lang='grc' dir='ltr'><strong><em>τ</em></strong></span> <span class='ocrx_word' id='word_1_269' title='bbox 895 4320 936 4414; x_wconf 79' lang='grc' dir='ltr'><strong>ἦν</strong></span> <span class='ocrx_word' id='word_1_270' title='bbox 960 4351 993 4412; x_wconf 76' lang='lat' dir='ltr'><strong>pa</strong></span> <span class='ocrx_word' id='word_1_271' title='bbox 1018 4327 1069 4391; x_wconf 79' lang='grc' dir='ltr'><strong>καὶ</strong></span> <span class='ocrx_word' id='word_1_272' title='bbox 1095 4326 1199 4402; x_wconf 83' lang='grc' dir='ltr'><strong><em>εἶδος</em></strong></span> 
     </span>
    </p>
   </div>
   <div class='ocr_carea' id='block_1_13' title="bbox 0 0 1439 4988">
    <p class='ocr_par' dir='ltr' id='par_1_16' title="bbox 0 0 1439 4988">
     <span class='ocr_line' id='line_1_38' title="bbox 0 0 1439 4988; baseline 0 0"><span class='ocrx_word' id='word_1_273' title='bbox 0 0 1439 4988; x_wconf 95' lang='lat' dir='ltr'><strong> </strong></span> 
     </span>
    </p>
   </div>
  </div>
 </body>
</html>
