2834 4988
523 404 766 477 aaurovma
811 446 814 452 .

569 604 574 611 ·
626 575 668 645 lIl

124 714 165 774 70
191 702 258 772 lim
281 701 406 770 dudum
429 699 471 769 ab
494 696 582 766 ludIs
606 694 735 764 unimus
757 696 857 787 alque
879 689 978 762 aures
1001 691 1101 759 eueni

193 806 303 876 Auido
323 804 537 895 expectantes
557 799 716 869 nuntium.
770 838 774 849 =

196 1043 371 1115 Hominem
389 1039 550 1134 appellat:
579 933 675 1133 ‘qbbb
699 1034 850 1118 lasoiuis,
878 1031 1036 1104 stolide?'
1063 1057 1129 1104 non
1151 1034 1207 1103 in-

631 1240 666 1310 V
748 1137 888 1230 tellegi.

198 1349 289 1420 Mitti
324 1348 377 1420 alii
410 1346 604 1430 aduentum,
657 1344 844 1461 pauperius·
872 1341 1013 1435 quorum
1053 1341 1208 1411 obscurat

632 1545 681 1616 Vl
758 1468 899 1516 nonnna.

202 1658 414 1749 Qudpropler
431 1654 539 1723 Parim
558 1655 712 1743 pastores
733 1652 819 1719 nuno
834 1649 1060 1721 Alexandrum
1079 1652 1209 1720 uocant.

608 1785 671 1856 VII
685 1785 701 1823 *

134 1905 175 1966 75
202 1896 233 1966 ls
255 1894 357 1965 habet
380 1913 535 1963 coronam
555 1869 702 1961 ullulans
724 1889 872 1961 uioldria.

600 2025 678 2097 VIII
693 2025 708 2062 *

586 2147 723 2217 Hecuba

200 2251 268 2321 de
290 2249 368 2344 quid
388 2248 493 2320 oculis
513 2250 629 2346 rubere
645 2250 720 2320 uisa
738 2271 776 2319 es
798 2249 978 2340 derepente
996 2246 1213 2319 ordinibus?

200 2355 275 2424 ‘Vbi
293 2354 350 2424 illa
365 2357 422 2423 tua
440 2354 541 2444 paulo
561 2355 637 2424 inte
654 2353 788 2444 sapiens
807 2351 973 2445 uirginali
994 2350 1178 2422 modistia?

101 2567 189 2602 uocem
204 2554 242 2602 sio
260 2554 439 2623 Interpretatur
453 2557 576 2616 Verrius,
599 2564 628 2606 ut
646 2556 714 2606 dieat
733 2562 907 2606 ornamentum
927 2567 984 2604 esse
1004 2553 1106 2603 laneum
1123 2553 1217 2618 eapitis

80 2623 216 2673 ‘honorati
230 2649 265 2661 -
279 2649 312 2660 -
333 2627 431 2677 Ennius
450 2627 477 2675 iu
493 2626 640 2677 Alexandro
656 2627 707 2675 ...’
780 2626 815 2674 lll
840 2626 922 2674 Varro
943 2623 975 2673 de
993 2623 1023 2672 L.
1037 2623 1066 2673 L.
1085 2623 1120 2673 Vl
1133 2621 1215 2673 suit.

102 2694 218 2742 ‘auris’
235 2693 287 2758 (sio
300 2694 329 2746 0.
347 2697 492 2749 Muellerus.
508 2698 603 2747 audio
617 2694 692 2760 libri)
711 2696 756 2745 ‘ab
772 2708 846 2756 aueo,
860 2693 983 2758 quoditie
997 2708 1102 2743 auemus
1118 2692 1219 2743 discere

102 2777 216 2828 semper,
239 2766 308 2826 quod
322 2766 419 2816 Ennius
437 2767 538 2816 uidetur
557 2758 661 2831 ἔτυμον
679 2765 812 2815 ostendere
830 2764 899 2814 uelle
918 2765 944 2812 iu
959 2763 1120 2822 Alexandro,
1141 2776 1218 2826 quotu

102 2834 152 2882 ait:
178 2833 243 2883 ism'
264 2848 287 2883 e.
309 2850 334 2898 q.
357 2850 378 2885 a.
451 2833 963 2902 lVFestusp.817M.‘stolldus‚
988 2833 1089 2882 stultus.
1121 2832 1219 2882 Ennius
1328 2843 1331 2849 ·

103 2903 146 2950 l.l
169 2899 286 2968 [LXVII]
310 2906 374 2955 etin
390 2905 537 2954 Alexandro
554 2906 609 2954 ...'
680 2905 866 2954 Vllaorobiua
881 2902 934 2952 Sat.
950 2903 985 2950 Vl
1009 2902 1017 2951 l
1043 2917 1068 2967 p.
1089 2901 1140 2953 506
1159 2902 1217 2951 lau.

102 2971 188 3026 ‘mutii
213 2981 360 3038 praeterea,
385 2988 449 3038 quos
470 2973 539 3025 lame
561 2976 670 3024 obscura
692 2973 815 3023 recondit.
847 2972 922 3037 [Aen.
942 2973 965 3020 V
984 2970 1047 3036 302]
1072 2972 1169 3020 Ennius
1192 2972 1219 3020 in

105 3041 251 3091 Alexandro
273 3045 327 3091 ...’
398 3045 434 3093 Vl
453 3045 536 3094 Vurro
555 3044 586 3094 de
601 3043 675 3093 Iuli.
692 3041 787 3093 vl182
812 3041 896 3106 ‘apud
909 3042 1032 3090 Ennium:
1055 3039 1127 3106 [100]
1143 3042 1219 3090 item:

104 3113 270 3178 quuproptar'
290 3128 313 3162 e.
329 3129 354 3177 q.
370 3129 391 3163 s.
418 3115 559 3163 ‘imitari
579 3115 652 3163 dum
670 3113 778 3162 uoluit
792 3111 983 3176 Euripidem
1004 3118 1028 3158 et
1047 3124 1142 3175 ponere
1161 3102 1221 3158 ἔτυ-

102 3193 172 3245 μον,
183 3190 230 3232 est
243 3181 347 3247 lapsus:
367 3198 427 3232 nam
442 3183 578 3249 Euripides
594 3182 662 3247 quod
677 3181 774 3232 Graeca
789 3181 885 3247 posuit,
898 3172 985 3243 ἔτυμα
1000 3187 1059 3228 sunt
1078 3179 1185 3246 aperta!

137 3251 185 3300 Vll
204 3251 306 3301 Paulus
325 3253 394 3302 Festi
411 3268 437 3318 p.
455 3251 508 3304 300
522 3253 556 3301 Μ.
583 3252 763 3311 ‘uitulans,
791 3252 887 3300 laetans
906 3249 1018 3316 gaudio,
1043 3255 1071 3298 ut
1088 3256 1164 3314 pastu
1181 3248 1222 3298 ui-

103 3318 181 3369 tulus.
210 3321 376 3371 Ennius
414 3323 455 3372 Ad
469 3322 645 3372 Alexandrum
664 3322 791 3387 pertinere
811 3320 957 3386 Hartungus
976 3319 1036 3368 Eur.
1050 3325 1111 3369 rest.
1133 3316 1224 3370 112oe

104 3390 212 3439 coniecit
281 3392 342 3441 VIll
362 3392 450 3443 Cicero
469 3393 501 3442 de
515 3392 568 3441 diu.
584 3390 651 3450 131,
667 3390 701 3442 00
721 3393 810 3440 ‘Inest
820 3390 898 3456 igitur
916 3390 943 3438 iu
959 3389 1051 3438 uuimis
1065 3389 1223 3455 praesagitio

104 3460 263 3510 extrinsecus
276 3462 370 3512 inlecta
385 3470 460 3525 atque
474 3458 573 3512 'ruolttsa
589 3461 721 3511 diuinitus.
742 3475 773 3510 ea
786 3461 809 3509 si
824 3461 922 3509 exemit
935 3458 1029 3518 aurius,
1044 3457 1116 3508 btror
1134 3458 1223 3526 appel-

104 3529 178 3588 latur,
195 3544 252 3580 oum
266 3546 398 3597 acorpore
411 3533 511 3582 anImus
527 3533 669 3582 abstractus
679 3531 767 3581 diuino
780 3531 901 3580 instinctu
915 3530 1067 3579 concitatur:
1085 3525 1223 3594 [itt-841.

106 3598 126 3647 0
139 3601 232 3664 ροόωα
245 3607 360 3652 tenerum
375 3610 400 3652 et
415 3612 541 3652 moratum
552 3611 628 3664 atque
641 3600 733 3650 molle!
759 3599 811 3650 Sed
830 3599 880 3649 hoo
898 3601 982 3650 miuus
1004 3599 1038 3649 ad
1049 3614 1112 3649 rem.
1147 3597 1224 3658 Illud,

105 3668 174 3731 quod
188 3669 315 3731 uolumus,
330 3686 482 3737 expressum
495 3680 542 3733 est,
557 3682 585 3721 ut
596 3670 731 3721 uatioiuari
747 3668 817 3720 furor
830 3685 892 3719 uera
903 3668 998 3720 soleat:
1015 3667 1069 3734 [85.
1079 3666 1135 3734 86].
1154 3668 1226 3719 Deus

104 3737 218 3788 inolusus
232 3753 339 3806 corpore
351 3740 462 3791 humano
477 3742 542 3801 iam,
562 3756 612 3791 uou
628 3741 751 3791 Cassan
761 3741 821 3790 dra
834 3739 958 3803 loquitur:
980 3735 1128 3804 [et-901!
1153 3737 1225 3788 idem

147 3912 184 3985 ¹72
204 3913 335 3981 luscinis,
356 3915 457 3970 stolide
473 3913 612 3988 Scuiiper.
635 3914 734 3969 lasciui
754 3915 854 3970 stolide
876 3915 937 3970 rod.
1046 3917 1081 3973 tt
1102 3912 1149 3968 alii
1172 3928 1225 3967 om.

107 3994 207 4050 Suir'sb.
295 3997 422 4068 Hecuba]
445 4001 477 4054 H.
489 4001 618 4071 plerique
633 3997 706 4064 libri,
732 4014 785 4054 om.
801 3997 862 4056 Erl.
884 3998 963 4056 Vind.
1073 4000 1108 4056 76
1123 3998 1224 4053 nabere

107 4078 257 4136 Lambinus
271 4096 287 4137 e
300 4084 394 4152 codd„
410 4082 537 4139 Muretus
557 4083 626 4139 Ver.
644 4082 717 4138 Luci.
731 4082 781 4138 IX
793 4086 836 4141 19.
854 4100 953 4155 rapere
969 4082 1032 4140 Eri.
1053 4075 1134 4138 vinu.
1150 4075 1225 4136 leid.

107 4160 171 4223 ditm
185 4166 260 4221 libris
274 4169 434 4239 uulpuribua
522 4169 583 4222 uisa
599 4186 629 4223 es
647 4167 803 4223 Lambinus,
821 4169 883 4223 uisa
899 4176 941 4226 est
957 4170 1023 4224 libri
1127 4166 1160 4223 77
1181 4166 1227 4220 ubi

108 4249 156 4307 illo
177 4256 224 4305 tua
245 4254 330 4322 paulo
352 4259 416 4308 ante
439 4253 553 4322 saplens
574 4251 686 4308 Reiziuo
709 4253 932 4307 ‘Burmannum‘
948 4259 999 4308 eto.
1014 4270 1047 4324 p.
1063 4255 1090 4308 8.
1113 4250 1158 4303 ubi
1181 4250 1228 4304 illa

108 4336 194 4406 paulo
209 4349 236 4390 a.
251 4349 277 4390 s.
293 4336 356 4392 libri
439 4337 570 4409 uirgiuali
585 4337 650 4393 libri

974 4426 1021 4493 7.
