2834 4988
100 400 198 629 x
593 410 834 480 RELIQVIAE
1210 403 1269 470 161

115 582 329 709 migrauit,
366 601 467 672 seges
501 602 521 650 a
551 579 684 648 domino
716 578 870 650 demessa
905 582 966 649 est.
997 619 1049 633 —
1084 620 1137 635 —
1175 578 1272 652 Hunc

100 646 113 739 l
115 652 284 776 Aesopi
308 684 490 776 apologum
515 681 553 767 Ο.
572 682 732 752 Ennius
723 706 757 752 m
783 684 893 754 satiris
923 684 1003 773 scite
1032 686 1208 755 admodum
1239 690 1271 754 et

157 793 298 857 uenuste
267 787 475 857 teuersibus
497 786 666 880 quadratis
685 787 880 878 composuit
926 768 1075 872 Quorum
1097 790 1163 859 duo
1185 811 1271 881 pos-

157 892 251 960 tremi
288 891 340 960 isti
365 894 456 976 sunt,
497 913 581 983 quos
610 889 732 959 habere
756 891 848 960 cordi
880 894 912 961 ct
944 894 1120 963 memoriae
1149 915 1271 983 operae

157 995 299 1085 pretium
321 1016 397 1064 esse
419 993 529 1063 hercle
546 999 646 1085 puto:

260 1130 334 1200 Hoc
354 1130 415 1199 erit
436 1130 492 1199 tibi
511 1131 743 1223 argumentum
766 1128 898 1220 semper
919 1129 1128 1221 inpromptu
1154 1130 1269 1201 situm:

260 1234 308 1304 Ne
328 1233 406 1327 quid
425 1235 581 1325 expecte's
602 1232 726 1303 amicos
746 1232 834 1325 quod
857 1235 926 1303 tute
947 1255 1049 1326 agere
1071 1234 1214 1326 possies

698 1399 732 1470 V

261 1539 343 1610 Cum
361 1540 468 1631 spolia
487 1540 621 1633 generis
641 1538 850 1608 detraxeritis
873 1537 994 1630 [inpia]

193 1653 234 1714 40
263 1643 370 1728 Quam
390 1644 635 1736 inscriptionem
658 1640 801 1711 dabitis?

676 1810 725 1880 Vl
740 1807 757 1845 *

261 1948 389 2019 Sribulo
409 1948 576 2042 quondam
597 1948 739 2018 marinas
759 1946 896 2039 propter
916 1947 1067 2017 adstabat
1089 1947 1217 2042 plagas.

670 2117 732 2188 VH
747 2115 763 2153 *

261 2254 402 2345 Propter
422 2259 558 2348 stagna,
581 2255 637 2324 ubi
659 2255 845 2348 lanigerum
866 2275 968 2344 pecus
990 2254 1137 2345 piscibus
1155 2254 1271 2345 pascit.

194 2490 218 2539 V
248 2490 328 2539 lulius
345 2490 434 2539 Victor
452 2505 473 2538 c.
494 2490 511 2542 o
535 2508 562 2558 p.
585 2495 637 2543 224
656 2493 698 2543 Or.
733 2493 780 2542 ‘ab
802 2499 894 2542 euentu
920 2492 946 2540 in
970 2490 1103 2555 qualitate:
1135 2498 1164 2540 ut
1186 2490 1273 2555 qualia

160 2561 210 2608 sint
232 2575 262 2609 ea
283 2576 348 2622 quae
371 2569 522 2622 euenerunt,
550 2570 593 2612 aut
615 2579 680 2626 (pirae
700 2562 836 2612 uideantur
855 2569 990 2622 euentura,
1015 2561 1066 2612 tale
1086 2562 1150 2612 illud
1171 2575 1272 2624 quoque

160 2630 334 2690 existimetur,
359 2645 392 2679 ex
414 2644 464 2692 quo
484 2640 630 2682 euenerunt.
661 2634 696 2683 Vt
711 2632 814 2682 Sabinis
829 2633 925 2682 Ennius
946 2631 1012 2681 dixit
1033 2633 1080 2681 ...⁹
1113 2631 1272 2698 (Subina-

159 2715 225 2748 rum
248 2701 334 2749 nescio
354 2700 422 2763 quod
442 2716 542 2751 carmen
563 2710 622 2768 post
635 2703 730 2752 Maium
750 2703 783 2752 ad
797 2702 849 2752 Cic.
870 2702 902 2752 de
922 2717 949 2751 re
973 2718 999 2768 p.
1021 2702 1044 2749 ll
1068 2703 1084 2751 7
1104 2702 1170 2751 tueri
1188 2701 1272 2751 studet

159 2770 239 2818 danus
257 2770 290 2819 ad
303 2770 474 2830 Macrobium,
500 2772 560 2821 uide
574 2770 647 2821 Ennii
661 2772 715 2825 Sat.
731 2771 776 2821 lib.
790 2769 840 2835 lV)
915 2772 951 2821 Vl
970 2772 1051 2821 Varro
1069 2771 1101 2821 de
1120 2771 1150 2820 L.
1173 2769 1202 2820 L.
1224 2770 1272 2820 Vll

159 2838 194 2888 35
205 2839 238 2887 M.
256 2840 341 2904 ‘apud
355 2840 479 2888 Ennium‘
499 2840 571 2905 (eni
584 2842 652 2889 Flor.
668 2842 751 2891 enim
766 2837 864 2904 Haun.)
883 2839 1001 2891 ‘subulo'
1017 2857 1039 2890 e.
1058 2856 1082 2902 q.
1101 2856 1122 2889 s.
1144 2839 1271 2889 ‘subulo

161 2909 259 2967 dictus,
282 2908 350 2971 quod
370 2910 405 2957 ita
425 2909 512 2958 dieunt
533 2910 650 2959 tibicines
663 2910 755 2969 Tusci3
781 2910 900 2973 quocirca
922 2909 1022 2958 radices
1043 2910 1098 2958 eius
1117 2910 1143 2958 in
1161 2909 1271 2967 Etruria,

160 2991 210 3026 uon
229 2977 303 3025 Latio
318 2977 498 3039 quaerundae*
534 2978 624 3028 Festus
642 2994 669 3044 p.
686 2977 737 3029 309
749 2979 783 3027 Μ.
803 2978 936 3028 ‘subulo
955 2978 1037 3027 Tusce
1052 2978 1145 3027 tibicen
1164 2977 1271 3033 dicitur:

162 3047 246 3108 itaque
267 3047 364 3094 Ennius
386 3047 434 3094 ...⁹
469 3047 541 3095 Hunc
558 3062 659 3097 uersum
684 3063 741 3096 cum
763 3047 885 3097 Herodoti
908 3048 1052 3097 narratione
1067 3047 1077 3095 l
1093 3047 1140 3096 141
1163 3046 1272 3096 conferri

162 3115 231 3163 iubet
254 3114 282 3163 Ο.
300 3114 447 3163 Muellerus.
482 3116 549 3165 Vide
570 3118 646 3166 etiam
660 3116 782 3165 Babrium
803 3116 856 3165 lab.
873 3115 904 3178 9,
929 3132 1004 3179 quem
1022 3115 1070 3165 Th.
1089 3115 1188 3180 Hugius
1206 3116 1272 3165 indi-

161 3184 230 3232 cauit
298 3184 346 3232 Vll
371 3184 465 3232 Paulus
480 3185 549 3233 Festi
569 3202 595 3251 p.
612 3183 645 3235 59
662 3186 696 3234 Μ.
721 3184 857 3250 ‘Cyprio
879 3186 954 3235 boui
974 3185 1155 3235 merendam
1175 3185 1273 3234 Ennius

162 3253 282 3303 Sotadico
301 3267 377 3302 uersu
401 3268 457 3302 cnm
479 3254 558 3314 dixit,
586 3254 741 3319 significauit
763 3254 789 3303 id
806 3255 876 3318 quod
890 3255 955 3304 solet
973 3254 1026 3304 lleri
1044 3254 1070 3302 in
1091 3252 1175 3303 insula
1188 3253 1272 3320 Cypro

247 3322 316 3372 ldem
338 3337 395 3372 cum
415 3323 490 3372 dicit:
522 3326 639 3390 propter'
665 3340 688 3374 e.
713 3339 737 3387 q.
758 3339 779 3373 s.
808 3328 880 3374 ‘esse
903 3324 1025 3390 paludem
1047 3323 1217 3384 demonstrat,
1246 3325 1273 3374 in

162 3408 213 3457 qua
232 3401 369 3442 nascuntur
390 3394 475 3458 pisces
493 3394 591 3444 similes
612 3394 773 3455 ranunculis,
799 3408 863 3456 quos
881 3407 943 3443 oues
964 3400 1123 3443 consectatae
1143 3393 1237 3444 edunt'

164 3540 368 3550 ——--

204 3638 238 3694 37
253 3636 407 3708 nocuerim,
421 3651 496 3691 corr.
507 3636 577 3691 Por.
590 3637 644 3692 hec
662 3636 724 3692 Vot.
735 3636 806 3690 Par.
816 3652 853 3691 m.
860 3652 910 3708 pr.
923 3619 949 3690 h’
962 3634 1088 3691 Rottend.
1152 3631 1273 3706 arg’tum

164 3719 290 3774 Rottend.
383 3722 493 3790 promui
523 3721 584 3777 Vct.
611 3722 683 3777 Par.
709 3728 868 3793 promptum
895 3720 1023 3776 Rottend.
1115 3723 1151 3779 38
1178 3720 1274 3791 nequit

163 3803 234 3857 Por.
261 3820 323 3874 ueq·,
347 3803 474 3860 Rottend.
560 3813 616 3861 tute
637 3822 722 3878 agere
743 3807 855 3877 possies
873 3807 1020 3861 Fmteriuc
1043 3804 1131 3860 Veris.
1147 3804 1183 3859 ΙΙ
1194 3810 1222 3863 8.
1244 3811 1272 3858 tu

164 3903 249 3959 agere
264 3888 359 3958 possis
374 3888 449 3955 libri,
465 3891 520 3944 nbi
532 3892 606 3962 quod
620 3898 666 3947 tua
681 3907 749 3963 gere
764 3892 860 3962 possis
875 3890 1004 3946 Rottcnct.
1088 3893 1124 3948 39
1138 3905 1180 3962 sq.
1202 3889 1271 3946 Ver-

163 3986 212 4027 sus
234 3972 357 4043 disposui
448 3975 561 4045 generis
580 3975 680 4032 Ianus.
705 3976 803 4049 generi
823 3976 913 4033 Iulius
940 3974 1033 4030 Victor
1123 3975 1198 4046 inpie
1218 3989 1272 4028 om.

162 4056 251 4112 Iulius
272 4055 365 4112 Victor
448 4061 481 4115 41
505 4057 633 4115 adstabat
648 4061 727 4120 Flor.
748 4061 894 4117 Varronis.
912 4059 1055 4114 adstrabat
1071 4058 1178 4113 Festus.
1199 4062 1273 4111 asta-

163 4143 210 4196 bat
221 4143 305 4196 cetem'
320 4140 465 4197 Varronis.
476 4145 591 4199 assabat
602 4143 726 4217 Scolrper
810 4147 912 4216 plagas
925 4144 1031 4199 Festus.
1044 4158 1132 4213 aquas
1150 4141 1243 4197 Varro

205 4230 240 4285 42
261 4226 362 4298 pecus]
380 4243 469 4297 genus
491 4227 534 4280 ed.
556 4234 609 4283 uei.
624 4229 686 4283 ΑΜ.
708 4231 781 4301 uutp.
867 4228 959 4300 pascit
973 4227 1085 4282 Monac.
1102 4226 1162 4281 edd.
1179 4232 1232 4281 uet.
1248 4230 1274 4278 et

162 4312 226 4367 libri
239 4310 269 4368 0.
283 4311 397 4366 Bortbii
409 4311 495 4380 (Ado.
508 4311 582 4367 XLI
591 4316 633 4382 8).
651 4315 776 4385 pascitur
794 4313 885 4386 (lueis.
903 4313 978 4384 culp.

247 4413 361 4468 Ennrvs.
1026 4404 1066 4468 ll
