2834 4988
574 400 817 472 asniovms
908 438 911 443 -

651 567 743 641 Vll*

240 755 497 772 .....
549 701 694 795 perculsi
710 706 847 793 pectora
865 702 968 773 Poeni

639 846 716 917 Vlll
729 844 746 882 *

238 977 337 1048 Vnus
354 979 454 1048 homo
475 979 570 1051 uobis
588 980 774 1050 cunctando
796 981 938 1051 restituit
960 1005 1039 1052 rem.

238 1082 388 1153 Noenum
407 1103 557 1153 rumores
578 1083 724 1176 ponebat
742 1088 818 1153 ante
838 1085 988 1156 salutem.

151 1196 212 1256 315
239 1187 332 1279 Ergo
353 1185 496 1279 plusque
514 1188 689 1281 magisque
707 1186 769 1257 uiri
791 1210 878 1258 nuuc
897 1189 1006 1282 gloria
1026 1188 1135 1259 claret.

170 1404 217 1452 Vll
236 1402 359 1452 Columna
377 1418 404 1467 p.
419 1401 470 1452 148
497 1404 560 1453 ‘boc
576 1403 746 1471 fragmentum
764 1403 829 1452 milri
848 1419 863 1452 a
880 1402 999 1453 cosentia
1019 1403 1112 1452 Fabius
1132 1404 1248 1466 Aquinas

135 1473 218 1521 misit:
247 1473 347 1535 quoda
368 1473 478 1534 quodam
496 1488 542 1523 suo
563 1474 738 1524 uetustissimo
756 1471 832 1522 Statii
850 1473 988 1538 interprete
1007 1473 1041 1524 Μ,
1054 1472 1082 1526 S.
1103 1475 1246 1540 excerpsit:

136 1544 208 1591 cuius
227 1557 333 1603 nomen,
352 1557 409 1590 cnm
422 1544 448 1590 iu
463 1542 532 1592 illius
548 1543 608 1593 libri
621 1544 749 1609 principio
765 1551 789 1592 et
806 1541 856 1592 fine
874 1545 969 1592 multae
982 1543 1158 1592 desiderentur
1172 1545 1247 1609 pagi-

136 1626 197 1672 nae,
222 1627 328 1677 prorsus
346 1613 484 1677 ignoratur.
522 1613 626 1662 Constat
638 1622 721 1663 tamen
736 1628 768 1662 ex
786 1613 922 1662 collatione
936 1628 985 1662 uon
999 1629 1055 1661 esse
1068 1612 1245 1662 Lactantinm.'

136 1682 198 1731 Mihi
212 1697 263 1732 non
281 1683 386 1732 aliunde
399 1683 509 1732 innotuit
520 1683 700 1750 fragmentum.
739 1682 863 1732 Similiter
875 1683 954 1732 Silius
969 1684 1028 1731 t'lll
1042 1684 1094 1732 244
1118 1684 1246 1733 ‘instincti

136 1760 239 1816 pectora
252 1753 349 1802 Poeni!
421 1752 482 1801 Vlll
518 1752 662 1802 Macrobius
674 1753 728 1802 Sat.
742 1752 846 1817 Vllp.
859 1752 976 1803 booron.
1004 1756 1084 1800 ‘unus
1099 1753 1153 1815 qui
1173 1754 1247 1802 nobis

136 1822 276 1870 cunctando
288 1822 398 1871 restituit
411 1837 474 1872 rem.
495 1820 571 1888 [Aen.
581 1823 617 1872 Vl
626 1821 691 1889 847]
706 1823 804 1872 Ennius
816 1823 842 1871 in
856 1822 1021 1871 duodecimo:
1041 1836 1107 1870 uuus
1174 1824 1246 1872 rem·

135 1892 263 1956 tinVll⁰
280 1890 374 1941 Salisb.
417 1893 607 1943 Ennius....
633 1908 697 1942 rem
716 1906 766 1941 om.
789 1876 898 1955 iseum
930 1893 994 1940 Huic
1016 1892 1081 1940 libro
1106 1892 1248 1941 uindicauit

135 1961 182 2011 Th.
198 1962 306 2028 Hugius.
335 1962 424 2012 Cicero
435 1955 467 2011 de
480 1962 523 2011 off.
538 1963 604 2022 124,
618 1961 653 2013 84
670 1965 777 2025 ‘quanto
793 1960 822 2020 0,
835 1961 962 2012 Maximus
981 1961 1074 2011 melius
1085 1961 1117 2011 de
1131 1977 1181 2025 quo
1197 1962 1247 2010 En-

135 2032 206 2080 nius:
219 2029 312 2080 'uaris'
332 2048 354 2081 e.
368 2049 393 2095 q.
409 2048 429 2082 s.
459 2032 529 2081 ldem
543 2031 597 2081 Cat.
612 2032 673 2082 mai.
686 2034 713 2093 4,
729 2031 763 2081 10
781 2031 848 2080 ‘hic'
868 2030 913 2097 (Q.
925 2028 1034 2094 Fabius)
1056 2034 1095 2080 ‘ct
1114 2029 1182 2080 bella
1202 2046 1247 2096 ge-

135 2101 206 2150 rebat
223 2110 251 2150 nt
268 2101 419 2151 adulescens
433 2117 490 2151 cum
503 2101 579 2166 plane
596 2101 701 2167 grandis
721 2108 789 2150 esset
807 2109 830 2149 et
844 2101 996 2150 Annibalem
1016 2100 1161 2149 iuueniliter
1174 2100 1247 2150 exul-

134 2179 228 2221 tantem
248 2173 372 2237 paticutia
391 2186 438 2220 sua
458 2171 605 2221 molliebat:
630 2172 726 2234 dequo
741 2170 871 2236 praeclare
884 2170 1020 2219 familiaris
1035 2178 1121 2219 noster
1133 2171 1245 2219 Ennius:

134 2243 213 2289 uuus·
234 2257 256 2290 e.
272 2257 297 2304 q.
312 2256 333 2290 s.
357 2240 462 2290 Seruius
476 2242 502 2289 iu
513 2241 577 2291 Aen.
591 2241 626 2290 Vl
640 2241 692 2291 840
711 2243 755 2289 ‘tu
769 2238 904 2290 Maxumus
917 2239 962 2289 ille
976 2256 1012 2300 es,
1030 2242 1102 2290 Vnus
1116 2242 1159 2302 qni
1173 2240 1246 2289 nobis

135 2311 275 2360 cunctando
285 2311 398 2359 restituis
407 2325 474 2360 rem:
490 2311 534 2359 ille
546 2318 630 2360 autem
640 2318 679 2360 est
688 2310 720 2359 de
729 2324 778 2373 quo
789 2311 825 2360 ait
833 2311 943 2360 Ennius:
957 2325 1024 2360 rinus
1073 2325 1137 2364 rem.
1157 2310 1247 2360 Sciens

135 2381 201 2429 onim
214 2381 346 2445 Vergilius
359 2381 433 2442 quasi
448 2393 495 2446 pro
510 2380 629 2445 exemplo
644 2381 711 2430 hunc
723 2394 827 2429 uersum
839 2381 942 2446 posuit.⁸
975 2382 1094 2430 Seruium
1108 2381 1247 2447 exscripsit

134 2449 315 2515 Mythograph.
330 2450 435 2499 Vatic.l
452 2449 505 2504 lab.
519 2451 572 2500 224
587 2452 634 2515 (Α.
647 2450 699 2499 Mai
715 2458 782 2502 auct.
799 2450 874 2500 class.
892 2448 986 2515 11179)
1019 2450 1109 2500 Liuius
1120 2449 1197 2500 XXX
1211 2450 1246 2502 20

135 2518 242 2568 ‘eodem
253 2532 319 2568 anuo
333 2517 362 2577 Q.
375 2519 470 2568 Fabius
483 2519 611 2569 Maximus
626 2520 733 2568 moritur
825 2520 923 2569 cantior
940 2528 1026 2570 tamen
1042 2535 1123 2583 quam
1140 2535 1245 2587 promp-

133 2589 183 2637 tior
198 2588 242 2638 inc
260 2588 363 2638 babitus
381 2588 444 2639 luit:
471 2596 496 2639 et
513 2590 579 2638 siout
598 2589 714 2648 dubites,
739 2597 824 2639 utrum
844 2590 948 2657 ingenio
968 2597 1098 2641 cunctator
1118 2589 1195 2640 inerit
1212 2604 1245 2640 an

134 2659 250 2720 quisita
269 2658 337 2708 bello
357 2660 461 2724 proprie
485 2660 555 2722 quod
572 2667 626 2709 tum
644 2659 780 2725 gerebatur
803 2667 891 2727 aptum
912 2669 982 2720 erat3
1011 2662 1049 2710 sic
1067 2660 1131 2709 nihil
1150 2662 1246 2711 certius

134 2737 172 2777 est
201 2743 277 2791 quam
308 2728 402 2778 nuum
426 2728 585 2778 homiuem
611 2728 704 2778 uobis
729 2730 913 2780 cunctando
943 2746 1007 2781 rem
1036 2731 1246 2790 restituisse,

134 2800 200 2847 sicut
212 2798 309 2848 Ennius
326 2799 380 2847 ait.'
418 2798 506 2848 Cicero
522 2798 556 2848 ad
570 2798 682 2848 Atticum
696 2800 719 2848 11
734 2797 808 2867 raa
835 2799 961 2850 ‘Bibulus
982 2800 1098 2849 incaelo
1116 2809 1169 2859 est;
1197 2814 1246 2850 nec

134 2882 212 2931 quare
237 2868 310 2927 soio;
340 2867 388 2918 sed
410 2869 446 2917 ita
465 2868 586 2917 landatur
610 2868 683 2930 qnasi
706 2883 790 2918 uuus
876 2872 960 2920 rem!
993 2870 1131 2920 Suetonius
1157 2870 1243 2919 Tiber.

134 2952 156 2986 o.
167 2937 200 2988 21
217 2941 320 2988 ‘omnes
335 2937 496 2998 confitentur,
514 2952 617 2987 uersum
632 2937 705 2987 illum
718 2939 745 2987 in
758 2945 783 2988 te
794 2951 872 3004 posse
885 2940 951 2989 dici:
979 2953 1060 2989 unus
1076 2938 1102 2992 h.
1117 2953 1142 2988 n.
1158 2939 1244 3004 uigi-

134 3007 230 3057 lando
246 3024 266 3061 r.
282 3006 311 3057 r.'
338 3006 447 3058 Ouidius
461 3008 528 3057 Fast.
541 3007 627 3058 11241
647 3010 728 3056 ‘rinus
740 3007 773 3057 dc
786 3008 865 3057 Fabia
878 3017 954 3074 gente
968 3008 1071 3058 relictus
1083 3016 1149 3057 erat:
1169 3007 1246 3058 Scill-

133 3084 173 3126 cet
185 3085 214 3127 nt
226 3090 317 3144 posses
333 3076 394 3127 olim
408 3085 445 3137 tu,
463 3077 584 3136 Maxime,
603 3077 689 3137 nasci,
708 3076 764 3127 Gai
778 3092 828 3126 res
841 3078 1022 3127 cunctando
1037 3078 1244 3127 restituenda

133 3146 241 3197 lorea·
269 3147 381 3197 Soranus
396 3146 548 3197 Samouicus
567 3146 599 3196 de
616 3146 685 3196 med.
706 3146 771 3197 1101
801 3146 874 3196 ‘bino
899 3148 1028 3210 quondam
1048 3147 1127 3195 Fabio
1155 3160 1243 3196 uarum

133 3230 274 3283 cognomen
287 3215 419 3277 adhaesit,
444 3216 501 3276 oui
521 3217 612 3266 solus
630 3217 759 3282 patriae
780 3218 961 3266 cunctando
983 3217 1133 3266 restituit
1157 3216 1242 3266 rem?

133 3286 255 3351 Polybius
271 3288 307 3337 lll
322 3285 381 3348 100,
395 3285 413 3336 8
429 3287 506 3345 (τοῖς
523 3278 576 3352 μὲν
592 3271 646 3335 οὖν
663 3276 734 3352 παρ’
753 3275 842 3334 αὐτὸν
858 3280 1022 3352 γενομένοις
1037 3276 1089 3335 σὰν
1104 3281 1243 3334 κίνδυνον

132 3342 171 3421 ἦν
188 3347 317 3423 ἐναργές,
343 3345 388 3407 ὅτι
410 3348 459 3406 διὰ
475 3348 528 3422 μὲν
545 3347 599 3421 τήν
618 3345 743 3422 Μάρκου
763 3347 870 3420 τόλμαν
890 3346 1020 3407 ἀπόλωλε
1037 3346 1071 3404 σοὶ
1095 3343 1163 3416 ὅλα,
1184 3345 1244 3404 διὰ

133 3418 176 3505 δὲ.
195 3419 259 3509 σὴν
279 3418 471 3494 εὐλάβειαν
494 3422 558 3476 τοῦ
583 3421 719 3494 Φαβίου
741 3418 910 3477 σέσωσται
930 3422 988 3477 ναὶ
1010 3417 1076 3492 uoti
1100 3421 1163 3473 τοῦ
1183 3419 1244 3474 καὶ

132 3511 208 3552 νον.

135 3625 341 3636 ---

174 3708 227 3764 313
248 3720 322 3760 unus
340 3701 425 3758 homo
442 3704 489 3773 qui
511 3703 593 3759 uobis
608 3699 722 3759 Monac.
740 3720 759 3758 ο
776 3702 793 3758 b
812 3702 882 3757 Par.
900 3699 958 3757 Cat.
975 3717 1009 3755 m.
1026 3699 1094 3771 (abi
1106 3695 1181 3770 quod
1196 3699 1244 3770 qui

132 3795 323 3862 comptmcbon
335 3789 365 3842 ia
377 3786 448 3842 Par·
463 3801 576 3843 erasum
591 3789 621 3843 in
634 3786 747 3844 Monac.
764 3789 806 3855 α).
827 3803 900 3843 uuus
915 3785 962 3857 qui
978 3786 1059 3842 nobis
1077 3783 1148 3839 suu.
1168 3782 1243 3839 Ociti.

131 3873 241 3938 itidem.
280 3871 408 3937 Serota,
441 3871 663 3946 Mgtltoprapbaa
747 3874 847 3927 restuit
867 3870 966 3924 Bamb.
990 3887 1007 3924 ο
1032 3871 1067 3924 dc
1086 3867 1135 3938 off.

131 3962 185 4017 314
203 3973 326 4014 noenum
341 3954 540 4013 anbmoanus
558 3959 597 4012 od
606 3958 692 4016 Lacr.
703 3956 757 4013 ΙΙΙ
767 3961 829 4016 198.
846 3971 903 4011 non
918 3954 993 4009 enim
1006 3969 1135 4008 rumores
1157 3968 1244 4024 pone-

133 4045 180 4098 bat
194 4043 257 4099 libri
270 4043 305 4098 de
317 4041 366 4112 off.
384 4041 455 4096 Par.
472 4044 542 4111 (οἱοὶ
557 4043 631 4114 quod
647 4044 677 4097 in
695 4043 747 4098 ltoc
762 4042 918 4116 ponebant)
933 4039 1045 4094 Monac.
1061 4038 1110 4092 ob
1130 4036 1188 4092 Cot.
1205 4054 1242 4091 m.

133 4143 191 4182 non
211 4130 334 4199 ponebat
354 4127 428 4181 euim
448 4142 577 4182 rumores
600 4130 685 4182 ceteri
785 4132 839 4187 315
868 4128 987 4199 plusque
1007 4123 1037 4189 J.
1060 4122 1242 4192 Bemoysias.

132 4218 252 4285 postque
269 4212 332 4267 libri
416 4227 485 4284 ergo
499 4214 648 4284 magisque
661 4213 809 4286 magisque
824 4210 952 4268 Muretus
971 4208 1040 4264 γον.
1055 4205 1128 4260 Lect.
1152 4203 1195 4260 VI
1208 4208 1243 4262 14

220 4314 293 4353 nunc
312 4312 364 4352 om.
385 4295 459 4356 Oebl.
475 4298 509 4352 de
522 4296 572 4366 off.
