2834 4988
536 408 780 479 nnoiovmu
1157 401 1217 466 171

107 584 170 674 (sie
196 587 228 652 et
251 583 303 652 hie
324 586 357 651 et
382 582 469 651 infra
487 579 670 649 politianus
689 579 780 649 Miso.
805 602 833 649 1.
853 588 893 649 35
919 602 938 648 1
959 579 1090 649 duobus
1111 578 1219 648 Medi-

107 687 192 775 ceis;
211 687 412 757 Homerus
431 684 605 776 utrobique
617 682 738 776 uulgo)
758 683 851 753 ‘dicit
867 683 1082 752 crabronibus
1100 687 1132 752 et
1146 684 1219 753 sole

107 791 238 882 genitas
276 811 358 880 apes
394 810 477 882 quas
515 787 681 878 nymphae
714 787 946 877 Phryxonides
984 783 1219 872 educauerurit,

107 916 198 963 mox
216 893 389 963 Dictaeo
410 913 537 982 specu
560 891 675 960 louis
696 891 896 960 extitisse
918 890 1102 960 nutrices
1121 913 1221 961 eas-

108 1020 185 1090 que
222 997 376 1088 pabula
404 1016 570 1064 munere
607 993 670 1064 dei
701 994 882 1063 sortitas
918 993 1064 1087 quibus
1101 994 1221 1085 ipsae

107 1122 281 1191 paruum
304 1099 590 1169 educauerant
613 1097 826 1167 alumnum.
870 1096 938 1166 Ista
961 1096 1046 1165 enim
1069 1096 1220 1190 quamuis

107 1226 174 1272 non
202 1203 382 1273 dedeceant
409 1205 558 1293 poetam,
593 1201 778 1271 summatim
802 1204 911 1270 tamen
940 1205 973 1269 et
996 1222 1064 1270 uno
1094 1205 1220 1270 tantum

107 1306 206 1377 modo
220 1306 387 1375 uersiculo
400 1305 518 1374 leuiter
535 1304 644 1396 attigit
659 1305 831 1397 Vergilius
847 1327 921 1373 eum
936 1304 984 1373 sie
1003 1304 1068 1376 ait:¹
1085 1304 1220 1374 Dictaeo

108 1411 189 1480 caeli
218 1432 333 1501 regem
355 1431 479 1500 pauere
505 1408 567 1478 sub
592 1411 696 1477 antro.
738 1407 804 1478 Sed
822 1430 864 1477 ne
885 1407 964 1476 illud
989 1407 1117 1500 quidem
1141 1431 1221 1499 per-

107 1514 189 1582 tinet
209 1515 251 1583 ad
272 1513 455 1604 agricolas,
485 1510 618 1604 quando
638 1514 671 1580 et
694 1511 728 1580 in
749 1534 815 1604 qua
833 1511 971 1602 regione
994 1509 1134 1601 primum
1156 1534 1221 1581 na-

107 1621 160 1686 tae
188 1616 276 1700 1111,
304 1620 413 1685 utrum
440 1616 472 1683 11
498 1613 672 1684 Thessalia
705 1615 767 1683 sub
797 1613 952 1683 Aristaeo
983 1636 1026 1682 an
1056 1615 1223 1685 ininsula

108 1719 191 1805 Cea,
220 1724 255 1789 ut
274 1720 385 1789 scribit
404 1715 630 1787 Euhemerus!

210 1985 400 2058 Lactantius
421 1984 494 2054 Diu.
515 1984 592 2056 Inst.
616 1987 724 2058 11.14
753 1985 894 2056 ‘relicua
913 1986 1051 2056 historia
1072 1986 1120 2055 sie
1138 2007 1223 2056 con-

109 2089 246 2160 texitur:
274 2090 385 2161 louem
413 2088 577 2185 adultum,
607 2113 679 2160 eum
703 2089 852 2160 audisset
872 2093 996 2183 patrem
1028 2094 1126 2183 atque
1147 2112 1222 2158 ma-

108 2197 191 2262 trem
219 2193 377 2264 custodiis
409 2192 667 2284 circumsaeptos
697 2197 797 2287 atque
830 2195 864 2263 in
890 2194 1022 2264 uincula
1056 2193 1223 2263 coniectos

35 2316 40 2323 ’
111 2297 243 2366 uenisse
272 2321 345 2367 eum
369 2319 491 2388 magna
515 2295 721 2367 Cretensium
750 2296 971 2384 multitudine,
1006 2297 1246 2392 Titanumque·

109 2423 148 2468 11
177 2401 265 2470 filios
293 2402 363 2471 eius
391 2401 573 2492 pugnando
603 2401 741 2488 uicisse,
781 2405 936 2493 parentes
967 2401 1107 2471 uinculis
1139 2423 1224 2471 exe-

110 2503 228 2589 misse,
256 2505 339 2595 patri
372 2527 512 2596 regnum
538 2505 722 2575 reddidisse
751 2509 849 2598 atque
878 2506 923 2575 111
949 2507 981 2575 in
1009 2504 1137 2575 Cretam
1165 2527 1224 2574 re-

110 2629 256 2678 measse:
298 2612 376 2700 post
408 2608 490 2676 haee
527 2607 644 2678 deinde
679 2608 822 2679 Saturno
859 2610 966 2680 datam
1004 2613 1145 2695 sortem,
1188 2613 1224 2677 ut

110 2715 243 2781 caueret
272 2734 314 2782 ne
343 2711 432 2780 tilius
459 2734 535 2783 eum
563 2735 669 2804 regno
694 2713 892 2804 expelleret:
927 2712 1017 2783 illum
1043 2713 1224 2783 eleuandae

110 2815 209 2885 sortis
235 2820 334 2907 atque
358 2815 538 2905 effugiendi
564 2814 698 2906 periculi
728 2817 837 2907 gratia
865 2815 1052 2887 insidiatum
1073 2817 1160 2902 loui,
1188 2820 1225 2888 ut

110 2941 185 2986 eum
211 2921 359 2987 necaret:
395 2919 506 2987 louem
533 2918 675 3009 cognitis
703 2918 830 2988 insidiis
858 2942 999 3011 regnum
1025 2920 1086 2989 sibi
1115 2921 1224 2989 denuo

111 3021 298 3088 uindicasse
325 3042 365 3090 11
393 3021 533 3111 fugasse
556 3021 752 3106 Saturnum
788 3021 844 3114 qui
868 3044 942 3090 eum
966 3023 1105 3091 iactatus
1134 3026 1225 3092 esset

110 3145 169 3212 per
201 3144 316 3191 omnes
346 3126 451 3191 terras
484 3123 759 3216 persequentibus
789 3129 1058 3237 armarsq‘quos
1084 3126 1224 3195 adeum

110 3225 453 3317 comprehendendum
479 3225 530 3295 uel
557 3226 740 3296 necandum
756 3227 863 3319 luppit
866 3251 901 3297 er
924 3178 1225 3314 111181111,1111111

110 3328 202 3398 ltalia
225 3330 363 3399 locum
355 3352 388 3398 m
410 3352 476 3422 quo
500 3329 646 3399 lateret
637 3330 772 3400 inuenit.
749 3328 868 3401 t'tC
847 3331 918 3402 111

628 3479 691 3549 Vll

50 3607 90 3668 30
212 3594 337 3663 Deinde
359 3593 430 3662 Pan
467 3618 542 3663 eum
577 3597 707 3667 deducit
736 3598 769 3667 in
794 3602 956 3682 montem,
997 3598 1052 3691 qui
1086 3604 1226 3669 uocatur
1271 3596 1290 3621 ⁹

109 3696 191 3766 caeli
208 3694 307 3766 'stela
346 3698 428 3767 Post
416 3701 528 3791 tquam
551 3721 591 3770 eo
619 3702 782 3787 ascendit,
753 3702 1053 3792 etontemplatus
1081 3707 1132 3772 est
1158 3703 1225 3773 late

110 3907 176 3957 seat,
197 3897 798 3978 prohibeteiusdemlaetnntullprtomeo13
870 3906 917 3954 Vll
935 3905 1150 3955 LactantiusDiu.
1160 3907 1225 3959 lost
1285 3810 1401 3953 ἐξ(

110 3969 157 4016 Io
174 3969 238 4017 ll‘
247 3968 273 4016 in
291 3969 803 4024 saerahistoriasioEnuiustradit:
825 3975 957 4025 deinde’
973 3991 995 4024 e.
1011 3991 1035 4036 q.
1051 3990 1073 4024 s.

1199 4020 1206 4033 ¹
1271 4020 1286 4051 ἢ

152 4161 187 4214 30
207 4158 263 4210 Pan
288 4175 351 4212 eum
364 4158 492 4229 plerique
506 4161 577 4216 libri.
600 4180 721 4234 peneum
740 4166 799 4219 siue
819 4179 958 4232 panaeum
980 4164 1029 4218 olii
1045 4163 1117 4217 libri.
1137 4181 1224 4233 peue-

110 4243 186 4296 nium
212 4241 282 4313 Ray.
311 4245 515 4313 antiquissimus
605 4252 638 4305 31
668 4250 736 4303 stola
762 4249 914 4304 ciaconius.
938 4249 1018 4302 stella
1042 4263 1093 4303 ms.
1123 4248 1222 4304 Vrcor.

111 4325 190 4382 stella
204 4328 288 4382 celeri
301 4327 364 4382 libri
376 4327 475 4383 1111111.
492 4345 585 4386 omnes

181 4428 204 4461 ’-

199 4464 288 4493 4.

196 4491 235 4546 ξ).
