2834 4988
163 435 184 480 L
563 421 876 489 QVAESTIONES

162 592 214 647 laco
236 597 277 646 cst
296 604 342 644 cus
362 591 412 661 qui
431 591 459 643 ia
484 588 553 643 urbe
574 604 685 661 semper
708 589 890 662 sreffiaanlac
913 591 1003 663 prolis
1023 605 1112 646 causa
1133 590 1273 647 uocabant

161 699 272 752 militiae
296 695 446 751 ascribcrc.
493 688 564 750 Cum
591 690 698 750 Oresio
729 694 864 751 conuenit
892 690 1045 767 Augustini
1072 691 1109 751 de
1140 692 1196 754 ciu.
1225 691 1271 751 dei

162 797 203 857 ΙΙΙ
226 798 264 857 17
287 800 430 873 narratio,
451 800 500 877 qui
522 798 571 858 ubi
594 818 642 858 res
666 817 740 878 quse
761 798 842 857 bello
859 797 1016 857 Tarentino
1038 799 1171 877 proxime
1193 807 1270 857 ante·

162 904 306 963 cedebant
340 907 525 983 perstrinxit,
560 917 618 967 tum
649 927 717 967 acro
750 905 841 983 inquit
874 914 929 961 tam
961 909 1048 963 millia
1076 908 1147 964 bellu
1173 910 1272 983 ubiqw

161 1015 361 1080 crebruerunt,
391 1023 422 1071 ul
448 1019 543 1088 inopia
569 1021 679 1074 militnm
704 1017 855 1089 proletarii
880 1015 934 1081 illi,
970 1017 1018 1085 qui
1043 1029 1075 1069 eo
1101 1014 1178 1085 quud
1196 1016 1273 1087 proli

159 1122 313 1194 gignendae
338 1124 477 1179 siccabant
505 1124 537 1177 ob
557 1131 700 1196 cpcsiulcnr
721 1125 838 1178 nuilliarc
865 1136 920 1175 nou
949 1122 1073 1175 uolcntes
1098 1119 1152 1175 boc
1173 1136 1270 1177 nomen

161 1237 344 1299 acceperant,
380 1231 491 1285 militiae
523 1230 777 1285 conscrilrcrcniur:
816 1229 922 1281 accitus
952 1227 1032 1280 cliam
1063 1242 1082 1280 a
1116 1225 1270 1282 Tarentinis

162 1334 293 1406 Pyrrhus
323 1351 378 1391 rea
408 1337 544 1391 Gracciac
572 1342 636 1390 irinc
661 1338 765 1406 inperiti
788 1334 878 1407 pluria
908 1331 1060 1387 cclcirrolus
1081 1330 1269 1388 Romanorum

161 1441 245 1496 bostis
272 1444 387 1514 effectus
414 1448 463 1496 est.
508 1435 571 1496 Nec
600 1445 712 1507 tamen,
743 1455 807 1496 curn
830 1433 953 1492 Orosius
975 1449 1026 1491 sua
1048 1430 1084 1491 ab
1106 1433 1267 1511 Augustino

161 1551 305 1602 mutuatus
325 1544 472 1621 uideatur,
496 1543 613 1602 multum
636 1545 663 1602 ei
686 1543 840 1602 consensui
859 1539 972 1599 tribuo:
998 1537 1177 1616 Augustinus
1199 1557 1267 1600 uero
1303 1610 1307 1620 Ι

161 1648 226 1708 lcre
253 1666 310 1707 non
334 1651 433 1710 dubit-o
464 1652 531 1729 quin
560 1650 588 1707 in
614 1667 649 1708 ea
679 1667 711 1708 re
734 1648 936 1708 auctoritatem
959 1644 1030 1704 Liuii
1052 1654 1205 1722 sequatur:
1233 1644 1266 1705 ad

162 1772 248 1832 quem
270 1773 401 1832 magnam
424 1765 536 1835 partem
556 1772 656 1815 eorum
686 1772 761 1833 quae
786 1753 824 1813 ibi
848 1759 944 1812 narrat
970 1749 1149 1827 Augustinus
1173 1750 1266 1811 redire

162 1878 179 1918 e
209 1860 280 1922 Liuii
313 1860 355 1921 xl
380 1870 409 1920 et
430 1859 486 1921 Xll
513 1861 660 1941 periochis
686 1861 851 1938 conligitur.
902 1856 995 1930 Quam
1023 1855 1061 1915 ob
1083 1875 1146 1917 rem
1168 1857 1193 1916 si
1213 1855 1265 1917 alia

161 1984 219 2026 non
251 1969 444 2041 accederent,
482 1967 632 2027 sufficeret
667 1965 741 2025 haec
775 1963 929 2041 Augustini
962 1963 1117 2039 memoria,
1153 1972 1184 2021 nt
1216 1978 1265 2021 eus

161 2072 265 2151 quibus
293 2074 470 2152 proletarios
493 2075 521 2132 in
543 2073 718 2152 praesidium
745 2069 825 2130 urhis
853 2079 979 2130 armatos
1006 2078 1139 2130 narratur
1167 2086 1265 2129 uersus

160 2174 306 2237 Ennianos
327 2178 398 2257 (IX)
421 2180 449 2237 in
468 2179 526 2239 hoc
550 2180 617 2238 loco
640 2194 865 2257 reponeremus,
888 2196 947 2257 quo
969 2193 1022 2236 eos
1044 2176 1193 2236 rettulisse
1214 2177 1265 2235 iam

161 2280 377 2342 Freinshemius
399 2284 552 2363 Supplem.
576 2285 636 2348 Liu.
660 2284 686 2344 11
708 2303 735 2343 c.
759 2282 798 2341 22
822 2284 945 2348 uidetur,
988 2282 1096 2342 Verum
1125 2282 1265 2343 succurrit

161 2389 275 2447 tertium
302 2388 338 2448 de
367 2390 534 2466 proletariis
562 2390 597 2450 ad
626 2390 753 2449 militiam
776 2392 890 2450 uocatis
911 2388 1006 2450 Cassii
1028 2388 1167 2450 Heminae
1187 2388 1265 2448 testi·

161 2492 285 2550 monium
308 2494 384 2571 apud
406 2493 529 2553 Nonium
559 2515 587 2574 p.
612 2495 669 2570 67,
697 2493 737 2552 22
770 2500 882 2555 Cassius
905 2502 1007 2557 Errrina
1027 2502 1126 2556 aarmli
1152 2500 1198 2555 lib.
1219 2496 1264 2555 ll.-

160 2609 225 2656 iiiuc
238 2601 355 2658 Morcus
372 2620 479 2676 praeco
494 2609 618 2677 primam
629 2606 796 2677 proletarios
814 2609 941 2662 amnuail.
978 2600 1153 2663 insidentem
1171 2600 1264 2662 uerbis

159 2701 324 2776 labeculam
355 2704 512 2766 infeliciter
542 2710 651 2768 Maricas
673 2713 799 2783 primam
828 2714 923 2767 consul
946 2706 1126 2768 emendando
1152 2706 1263 2767 Freins-

160 2805 272 2866 hemius
300 2808 336 2866 ad
359 2809 439 2870 Flor.
467 2811 507 2871 ΙΙΙ
536 2816 571 2889 1,
608 2814 643 2873 13
668 2814 827 2892 temptauit.
871 2812 1013 2874 Maculam
1044 2811 1182 2873 abstersit
1208 2810 1264 2872 leni

159 2929 243 2972 manu
263 2910 376 2992 Lipsius
396 2916 464 2980 Aut.
485 2917 554 2979 lect.
577 2919 617 2979 lv
642 2921 689 2979 17.
712 2919 739 2976 V
758 2919 799 2978 22
820 2920 848 2978 in
877 2921 953 2981 hunc
974 2920 1107 2981 modum:
1142 2921 1264 2977 Marcius

156 3028 288 3092 praelar:
311 3018 380 3083 illnd
398 3028 610 3103 praetermisit,
634 3044 719 3104 quem
741 3024 878 3085 Marcium
898 3025 992 3085 uellet
1012 3024 1155 3101 intellegi.
1199 3022 1263 3101 lpse

159 3123 224 3183 dum
245 3125 465 3206 circumspicio,
493 3128 528 3188 ad
547 3147 632 3207 quern
647 3145 688 3186 ea
712 3133 856 3210 pertinent
876 3132 1032 3207 memoria,
1062 3129 1157 3190 incido
1179 3129 1208 3188 in
1228 3126 1261 3201 Q.

158 3228 295 3291 Marcium
319 3232 499 3312 Philippum,
529 3237 578 3314 qui
600 3253 626 3294 a.
647 3254 675 3298 u.
699 3255 724 3294 c.
748 3237 811 3297 472
839 3256 902 3296 curn
933 3236 964 3295 L.
989 3236 1115 3309 Aemilio
1141 3233 1262 3297 Barbula

158 3333 260 3392 consul
279 3334 341 3393 luit.
374 3332 502 3407 Quorum
524 3335 570 3395 lric
595 3340 663 3416 ‘qui
686 3342 740 3400 iam
762 3344 790 3402 in
806 3344 949 3402 Samnium
969 3343 1005 3402 ad
1022 3344 1183 3402 exercitum
1198 3357 1261 3421 pro·

157 3436 252 3497 lectus
274 3438 368 3498 luerat
378 3443 400 3514 ⁹,
429 3439 478 3497 ubi
503 3438 613 3501 Romae
635 3444 742 3507 bellurn
764 3467 826 3508 cum
850 3448 1012 3509 Tarentinis
1036 3449 1188 3509 decretum
1209 3454 1262 3521 est,

157 3540 185 3598 in
201 3560 274 3618 agro
287 3542 443 3601 Tarentino
462 3554 557 3605 castra
573 3565 685 3626 ponere
702 3554 827 3615 iubetur.
858 3552 903 3613 ct.
917 3554 1074 3629 Dionysius
1086 3552 1179 3614 Halic.
1191 3551 1261 3615 lixo.

157 3644 240 3706 xvlt
269 3649 317 3711 ta.
362 3647 491 3707 Zonaras
516 3649 584 3711 Vlll
611 3654 630 3713 2
663 3675 691 3734 p,
724 3661 783 3721 tos
814 3660 859 3723 ed.
891 3658 983 3720 Bonn,
1028 3663 1093 3737 lpas·
1120 3665 1261 3737 ferroque,

158 3750 280 3812 Orosius
302 3754 408 3832 inquit,
435 3768 527 3816 uastat
546 3768 652 3834 omitia,
678 3768 800 3839 plurima
823 3777 968 3842 superbirat
985 3771 1102 3841 oppida.-
1132 3783 1167 3826 ao
1190 3765 1261 3824 simi·

156 3854 223 3916 liter
246 3857 374 3920 Zonaras
398 3859 418 3920 Ι.
442 3861 461 3920 l.
490 3855 544 3942 τὴν
562 3860 664 3948 χώραν
689 3860 788 3929 αὐτῶν
815 3867 959 3948 ἐλεηλάτει
984 3869 1034 3930 aul
1057 3870 1206 3951 ἔφθειρεν.
1237 3867 1265 3929 oi

157 3958 189 4019 al
214 3958 377 4042 ἐπεξῆλθον
397 3965 465 4045 μέν,
494 3960 561 4029 ἄλλ’
587 3967 770 4053 ἐτράπησαν,
798 3969 870 4037 ὥστε
890 3965 959 4049 τούς
978 3968 1138 4055 Ῥωμαίους
1159 3972 1215 4056 τήν
1234 3994 1262 4035 τε

71 4141 74 4145 ἢ
155 4059 254 4147 χώραν
276 4060 376 4129 αὐτῶν
402 4063 494 4146 ἀδεῶς
520 4082 674 4158 πορθῆσαι
708 4085 760 4140 καί
793 4105 859 4142 τινα
891 4078 1092 4163 χειρώσασθαι
1123 4076 1259 4164 φρούρια.

156 4170 253 4244 Quare
278 4175 345 4234 uide
373 4196 409 4238 an
437 4179 472 4239 ad
495 4180 650 4243 Aemilium
679 4187 773 4264 possit
800 4205 903 4247 uersus
931 4195 1020 4266 aequa
1046 4195 1161 4249 totondit
1181 4205 1261 4265 apros

154 4282 343 4356 lucrosasque
367 4290 470 4360 oppila
494 4295 566 4362 ceruit
592 4289 663 4367 (inc.
697 4292 759 4350 sed.
782 4290 935 4374 xxxva)
966 4296 1131 4374 pertinere:
1165 4311 1259 4374 qnam·
