2834 4988
227 404 276 451 LII
626 385 939 455 Qvnust'toutas

228 560 366 619 Romanis
389 561 519 614 extructa
543 550 686 626 cogitant:
718 569 774 629 qua
797 570 829 610 re
850 550 978 627 Merula,
1007 552 1055 630 qui
1075 569 1091 611 a
1112 555 1254 632 septimo,
1279 572 1337 614 non

227 676 257 725 ut
279 662 419 722 Columna
448 666 589 731 asexto,
619 676 653 716 ea
683 656 761 717 bolla
790 659 920 736 incipere
944 661 1056 734 statuit,
1087 670 1193 720 mutato
1214 679 1336 721 numero

227 771 255 829 in
278 786 342 827 eum
366 765 468 826 librum
484 763 628 823 transtulit
642 764 844 840 fragmentum.
883 763 948 838 Quo
964 765 1032 842 quid
1051 765 1159 825 Ennius
1176 770 1336 844 exornarit,

228 876 321 953 potuit
350 890 414 933 cum
443 873 467 929 is
487 888 572 949 quern
598 871 660 948 ipse
685 880 802 929 secutus
826 880 871 929 est
891 870 1050 947 Homerus,
1081 881 1138 931 tum
1160 873 1264 933 relicui
1287 874 1336 952 qui

226 979 321 1039 simile
337 995 470 1037 uersuum
486 983 681 1034 ornamentum
694 974 885 1036 adhibuerunt
899 985 1005 1054 poetae
1018 979 1202 1056 posteriores
1214 977 1334 1039 docere.

226 1082 485 1161 ltaque-Homerus
501 1084 550 1155 ait,
567 1081 606 1140 ibi
622 1079 669 1139 ubi
684 1081 712 1139 in
729 1082 831 1141 lunere
847 1083 975 1143 Patrocli
990 1093 1124 1144 uersatur
1140 1081 1189 1162 (ll.
1209 1087 1244 1143 Ψ
1261 1083 1333 1160 114)

226 1189 258 1249 ol
277 1179 307 1248 δ’
329 1188 399 1250 ἴσαν
417 1181 577 1266 ὑλοτόμους
599 1185 735 1259 πελέκεας
758 1185 790 1247 ἐν
810 1187 908 1268 χερσὶν
930 1189 1041 1268 ἔχοντες
1054 1183 1162 1270 Σειράς
1182 1179 1209 1249 τ’
1232 1179 1333 1249 εὐπλέ-

227 1312 334 1367 κτους·
358 1291 415 1375 πρδ
432 1286 460 1353 δ’
483 1286 532 1374 άρ’
556 1283 661 1372 οὐρῆες
675 1295 741 1352 κίον
756 1284 869 1353 αὐτῶν·
906 1286 1057 1355 Παλλάδ’
1075 1289 1188 1355 άναντα
1204 1288 1334 1354 κάταντα

226 1393 364 1480 πάραντά
390 1422 419 1460 τε
449 1392 556 1478 δόχμιά
583 1389 609 1458 τ’
633 1382 740 1476 ἦλθον.
783 1391 863 1459 'All'
895 1391 940 1459 ὅτε
970 1392 1008 1478 δὴ
1033 1394 1165 1478 κνημοὺς
1185 1398 1334 1479 προσέβαν

225 1506 425 1577 πολυπίδακος
444 1500 540 1583 Ἴδης,
572 1493 678 1565 Αδτίκ’
706 1496 764 1584 άρα
788 1504 861 1584 δρῦς
881 1498 1051 1583 υψικόμους
1069 1498 1211 1583 ταναήκεϊ
1235 1506 1333 1586 χαλκῷ

228 1605 350 1689 Τάμνον
370 1604 567 1689 ἐπειγόμενοι·
589 1607 638 1669 ταὶ
660 1607 693 1669 δὲ
711 1602 824 1688 μεγάλα
840 1608 1019 1672 κτυπέουσαι
1037 1616 1156 1672 Πῑπτον
1170 1614 1230 1672 κτλ.
1269 1608 1332 1683 Quo

226 1717 348 1777 artificio
371 1717 416 1775 bis
439 1735 508 1775 usus
532 1725 577 1775 est
598 1715 764 1792 Vergilius,
787 1724 816 1774 et
839 1716 875 1774 de
899 1718 1049 1796 sepultura
1071 1716 1175 1777 Miseni
1197 1715 1273 1776 Aen.
1294 1714 1333 1773 Vl

228 1821 305 1898 179,
337 1840 423 1901 quem
450 1822 546 1882 locum
576 1841 640 1881 cum
668 1820 805 1880 Ennianis
827 1824 962 1883 uersibus
983 1823 1150 1883 Macrobius
1168 1822 1229 1883 Sat.
1252 1820 1331 1881 vta

226 1944 253 2004 p.
278 1926 339 1987 513
361 1927 425 1993 lan.
455 1931 636 2008 composuit,
668 1937 697 1987 et
722 1928 758 1988 de
784 1945 859 2005 rogo
890 1927 1027 1987 Pallantis
1059 1928 1149 2006 (Aen.
1172 1927 1214 1988 Xl
1240 1927 1329 2005 lam:

222 2051 276 2107 per
308 2039 396 2093 σι’ῑαασ
429 2040 530 2094 Teucri
557 2041 688 2111 mixtique
718 2041 822 2109 inpunc
848 2040 941 2094 δοίδυκ’
966 2037 1113 2093 Εννοαστε
1139 2040 1218 2111 iupis.
1253 2038 1332 2111 ferro

223 2150 304 2198 sonat
324 2145 381 2199 olla
408 2146 518 2216 bipenni
537 2145 698 2199 Fraxinus:
728 2148 855 2197 errcrlunl
877 2149 956 2197 uclrts
981 2143 1020 2197 orl
1036 2144 1129 2199 sillero
1145 2146 1248 2216 pinus,
1278 2144 1332 2200 Ro·

224 2248 291 2304 born
309 2265 360 2305 nec
380 2253 473 2305 cernaris
496 2255 521 2304 el
539 2251 652 2305 olentem
674 2249 801 2304 scindere
819 2249 943 2306 cedrum.
988 2248 1046 2303 Ncc
1064 2250 1202 2320 plaustris
1225 2255 1332 2307 cessant

223 2362 338 2409 uectore
358 2356 524 2426 peruertitur
550 2369 644 2409 ornos.
688 2348 792 2427 Neque
813 2347 849 2406 ab
871 2367 905 2408 ea
930 2348 1021 2408 torma
1047 2352 1208 2431 principum
1231 2359 1329 2432 pocta·

224 2473 284 2513 rum
309 2473 362 2512 usu
389 2457 471 2534 quasi
497 2457 606 2516 sancita
629 2464 677 2514 aut
699 2454 787 2513 Silius
809 2451 836 2511 X
859 2451 919 2511 529
939 2455 977 2515 de
999 2456 1115 2516 Aemilii
1134 2457 1214 2519 Pauli
1236 2468 1330 2536 (spor-

222 2579 306 2637 soquc
339 2569 512 2638 propinquos
544 2567 658 2638 Apminc
684 2569 868 2636 prosternunt
897 2566 988 2635 lucos,
1022 2574 1104 2623 sonat
1128 2575 1193 2624 acta
1224 2571 1332 2642 bipenni

224 2669 376 2724 Frondosis
395 2673 466 2726 silua
489 2673 545 2726 atto
566 2674 635 2744 iupis
653 2685 680 2725 e.
694 2684 722 2744 q,
736 2666 778 2743 s.)
807 2674 855 2725 aut
875 2666 982 2727 Statius
1001 2667 1149 2730 Thebaide
1169 2671 1210 2731 VI
1232 2672 1272 2733 90
1294 2673 1329 2733 de

223 2769 397 2829 Archemori
423 2772 526 2831 iuuere
548 2779 693 2844 (sternitur
720 2777 856 2847 externplo
883 2786 991 2834 ueteres
1015 2779 1126 2835 inciduc
1151 2780 1233 2853 ferro
1253 2781 1329 2837 Silua

223 2895 317 2934 comos
331 2894 358 2936 e.
375 2896 404 2956 q.
420 2880 461 2958 s.)
477 2878 607 2941 deflexit.
651 2876 751 2954 ltaque
774 2878 832 2937 noli
856 2877 997 2956 dubitare,
1021 2881 1088 2958 quin
1105 2882 1189 2942 Ennii
1212 2900 1328 2962 quoque

224 2999 325 3039 uersus
350 2982 392 3041 illi
422 2983 457 3044 ad
482 3002 585 3062 rogum
610 2983 638 3041 in
668 2998 707 3070 eo·
733 2984 848 3061 proelio
872 3003 1023 3045 caesorum
1047 2989 1227 3065 pertincant,
1255 3006 1328 3068 quos

222 3084 348 3160 Pyrrhus
364 3096 421 3147 tam
437 3109 507 3150 suos
524 3110 607 3170 quam
624 3090 771 3149 Romanos
784 3094 964 3152 concremari
978 3094 1069 3153 iussit.
1092 3091 1137 3156 cf.
1149 3092 1256 3152 Florus
1271 3093 1291 3153 l.
1309 3092 1326 3152 l.

221 3198 395 3269 interemptos
415 3204 551 3256 cremauit
570 3207 599 3257 et
620 3195 777 3273 Eutropius
801 3195 869 3256 tto
899 3217 995 3257 caesos
1023 3206 1155 3274 scprtinit.
1200 3198 1327 3259 Niebuh-

220 3298 280 3357 rius
317 3297 389 3359 Hist.
425 3300 507 3360 Rom.
538 3300 578 3361 lll
607 3301 679 3361 559.
742 3301 811 3361 Post
850 3321 913 3362 eam
947 3321 1070 3382 pugnam
1107 3304 1234 3380 Pyrrhus
1269 3323 1326 3365 me·

220 3403 391 3463 morabilem
427 3422 511 3482 quam
538 3404 659 3463 Orosius
678 3405 748 3465 lVl
779 3410 963 3469 conseruauit
992 3412 1211 3490 inscriptionem
1241 3409 1326 3492 (ltu)

222 3509 250 3565 in
289 3508 399 3585 templo
432 3506 509 3567 louis
540 3508 686 3569 Tarentini
716 3513 825 3578 adiurit.
884 3514 958 3574 Dein
996 3516 1107 3594 legati,
1143 3518 1218 3576 inter
1253 3535 1326 3595 quos

220 3610 387 3688 Fabricius,
415 3612 452 3672 de
472 3615 646 3676 redimendis
670 3619 791 3696 captiuis
815 3618 850 3678 ad
872 3619 1010 3694 Pyrrhum
1033 3623 1192 3683 mittuntur:
1221 3623 1325 3683 redditi
1375 3654 1381 3667 ·

220 3717 283 3773 sine
306 3717 399 3794 pretio
424 3718 524 3799 (Xlll)
548 3722 699 3783 ‘redinunt
717 3725 745 3783 in
767 3726 886 3803 patriam
895 3731 916 3800 ³,
942 3735 971 3784 ut
987 3728 1025 3786 ait
1043 3726 1151 3786 Munius
1171 3729 1243 3805 (inc.
1262 3728 1324 3789 sed.

219 3817 345 3901 XVlll):
367 3842 537 3902 quamquam
558 3826 593 3885 de
614 3828 677 3886 eius
695 3830 767 3889 sede
790 3831 928 3890 uersiculi
950 3831 1018 3891 nihil
1039 3833 1158 3892 adlirmo
1178 3834 1323 3895 conliden-

219 3925 283 3988 tius.
323 3926 474 3988 Liberatus
494 3940 589 3990 autem
609 3934 670 3992 sine
694 3937 788 4013 pretio
816 3937 949 4014 captiuos
965 3937 1060 3997 Liuius
1082 3956 1218 4018 quoque,
1243 3942 1325 4001 cuius

218 4034 344 4091 narratio
359 4052 375 4092 ε
391 4035 531 4111 periocha
543 4036 621 4113 Xlll,
641 4057 657 4097 e
669 4039 758 4100 Floro
772 4041 801 4119 (l
817 4043 853 4101 13
867 4056 894 4120 p·.
904 4041 942 4102 24
956 4044 1059 4122 Jahn.)
1074 4043 1217 4124 Eutropio
1231 4045 1274 4126 (ll
1288 4048 1322 4125 7)

218 4136 339 4198 Aurelio
351 4139 472 4200 Victore
490 4142 542 4221 (de
557 4146 611 4204 uir.
628 4145 676 4209 inl.
690 4146 746 4224 35)
765 4145 902 4224 hauritur,
920 4157 949 4207 et
960 4148 1084 4209 Dionem
1098 4160 1217 4211 secutus
1230 4150 1322 4211 Zona·

217 4261 265 4303 ras
285 4243 390 4307 Vllll
413 4267 441 4327 p.
464 4249 521 4309 116
538 4251 583 4309 ed.
598 4251 688 4310 Bonu.
706 4250 924 4329 perhibuerunt.
970 4252 1077 4317 Contra
1092 4257 1262 4337 Dionysius,
1285 4260 1321 4319 si·
