2834 4988
539 432 782 503 4441041411

603 600 717 671 XXIV

206 771 214 790 .
268 772 277 789 .
331 773 339 788 .
393 722 466 814 quis
488 740 551 789 nus
574 721 668 812 pater
689 722 747 790 aut
769 719 933 811 cognatus
959 717 1051 789 uclet

208 822 331 892 Contra
353 825 461 896 tueri?

611 940 710 1011 XXV

117 1070 179 1130 445
206 1113 461 1133 .....
485 1113 523 1156 Υ.
577 1114 585 1130 .
639 1113 648 1130 .
701 1060 862 1152 capitibus
885 1059 1075 1129 nulanlibus

207 1163 261 1232 ‘lbi
283 1163 381 1256 pinos
404 1165 581 1256 rectasque
603 1185 783 1255 cupressos

601 1299 715 1371 XXVI

210 1416 274 1501 Qui
297 1419 348 1487 sui
371 1424 530 1513 quaestus
553 1421 655 1490 causa
675 1421 769 1490 fictas
793 1419 952 1489 suscitant
975 1419 1164 1490 sententias.

598 1556 726 1627 XXVII

213 1673 410 1767 ['quuam]
447 1677 621 1771 quicquam
650 1677 826 1771 quisquam
858 1675 1025 1768 cuiquam,
1063 1674 1152 1767 quad
1188 1674 1218 1743 ei

754 1781 945 1865 conueniat,
967 1778 1093 1872 neget?

141 2020 226 2071 XXIV
245 2023 326 2072 Vama
341 2021 373 2070 de
388 2021 417 2071 L.
427 2021 456 2076 L,
469 2023 515 2071 Vll
527 2021 558 2072 12
570 2023 604 2076 M.
625 2024 728 2073 ‘tueri
743 2023 793 2073 duo
809 2023 948 2089 siguificat,
964 2038 1043 2073 unum
1058 2023 1090 2072 ab
1103 2031 1217 2088 aspectu,

106 2099 133 2140 ut
152 2092 221 2154 dixi,
247 2091 314 2141 unde
331 2098 368 2141 est
387 2091 452 2141 Ilnni
470 2091 549 2142 Illud:
572 2100 645 2143 tueor
662 2098 687 2142 te
703 2108 839 2143 senex...
856 2101 894 2143 et:
919 2095 976 2158 quis
994 2094 1079 2159 pater¹
1106 2109 1130 2144 e.
1150 2109 1175 2155 q.
1195 2108 1217 2142 s.

107 2159 186 2218 Quem
205 2176 307 2209 uersum
326 2175 375 2210 404
393 2160 581 2223 hexametram,
602 2161 671 2225 quod
686 2162 764 2228 uulgo
783 2162 947 2219 credebatur,
966 2163 1013 2213 sed
1029 2162 1219 2228 tragoediarum

106 2247 163 2280 esse
182 2239 208 2278 ut
227 2227 300 2293 quem
319 2232 464 2295 proximum
483 2231 593 2296 ascripsi
606 2231 760 2282 Bitschclius
781 2233 866 2284 docuit
880 2232 935 2286 lnd.
953 2232 1033 2283 schol.
1053 2233 1134 2281 Bonn.
1153 2241 1217 2286 aest.

108 2300 175 2351 1852
193 2316 219 2365 p.
236 2300 284 2349 XV
355 2301 427 2349 XXV
451 2300 548 2351 Gellius
563 2300 621 2349 XIII
637 2301 671 2352 20
692 2302 802 2351 ‘Ennius
824 2304 884 2351 item
904 2310 987 2352 rectos
1002 2316 1139 2368 cupressos
1153 2302 1220 2351 dixit

108 2379 196 2419 cantra
214 2379 343 2434 receptum
361 2370 481 2420 uocabuli
499 2385 581 2436 genus
599 2370 648 2420 hoc
664 2385 756 2420 uersu:
777 2372 917 2436 capitibus·
938 2389 960 2421 e.
977 2387 1002 2434 q.
1022 2387 1042 2421 s.
1065 2371 1176 2422 ί1144104
1193 2373 1218 2420 ei

107 2440 183 2489 credo
201 2447 226 2488 et
247 2440 355 2489 uiridior
370 2455 447 2491 sonus
471 2455 527 2490 esse
545 2442 617 2489 uocis
636 2440 707 2491 uisus
726 2451 778 2501 est,
808 2449 914 2493 rectos
932 2441 1016 2491 dicere
1034 2456 1218 2506 cupressos,

110 2525 186 2572 quarn
204 2518 295 2562 rectas.
312 2509 313 2512 ’
332 2508 425 2560 Contra
443 2524 504 2561 uero
522 2510 591 2560 idem
604 2510 699 2559 Ennius
715 2512 741 2559 in
756 2511 842 2561 annali
860 2511 1098 2562 duodeuicenslmc'
1119 2527 1142 2566 e.
1158 2526 1183 2573 q.
1196 2526 1217 2560 s.

107 2578 204 2628 Nonius
213 2594 239 2643 p.
254 2579 312 2641 195,
325 2581 359 2628 24
374 2583 566 2644 ‘cupressus
581 2581 683 2645 generis
693 2579 823 2641 seminini,
838 2589 865 2630 ut
877 2581 982 2630 dubium
991 2596 1042 2639 non
1051 2588 1098 2634 est.
1118 2581 1218 2630 Mascu-

108 2649 154 2697 lini
171 2648 282 2699 Ennius:
302 2650 440 2714 capitibus'
463 2665 485 2701 e.
507 2666 531 2712 q.
552 2664 572 2700 s.
644 2648 729 2699 XXVI
748 2649 835 2700 Cicero
854 2650 886 2700 de
904 2651 957 2701 diu.
980 2651 1056 2716 140,
1075 2649 1110 2700 88
1129 2654 1219 2713 ‘atque

107 2719 183 2767 etiam
198 2726 255 2767 ante
270 2718 318 2768 hos
328 2719 498 2784 Amphiaraus
511 2727 536 2769 et
545 2719 673 2779 Tiresias,
690 2734 740 2769 non
755 2719 866 2770 humiles
882 2729 906 2770 et
921 2720 1023 2770 obscuri
1039 2735 1121 2784 neque
1132 2734 1218 2771 eorum

107 2787 218 2848 slmiles,
246 2796 273 2836 ut
299 2789 369 2854 apud
393 2789 502 2837 Ennium
525 2796 579 2850 est,
607 2790 661 2851 qui
685 2791 737 2838 sui
761 2799 914 2852 quaestus
939 2791 1048 2839 causa’
1074 2807 1096 2840 e.
1116 2807 1140 2853 q.
1159 2797 1185 2842 ss

142 2856 239 2907 XXVll
257 2857 330 2907 Rhet.
347 2859 381 2908 ad
394 2859 547 2908 Herennium
562 2860 597 2909 lV
613 2859 660 2918 12,
680 2859 712 2910 18
735 2863 773 2908 ‘et
793 2862 816 2908 si
835 2859 974 2909 uitablmus
990 2859 1105 2909 eiusdem
1121 2859 1219 2909 litterae

108 2927 214 2975 nlmiam
230 2927 420 2987 assiduitatem,
440 2929 481 2977 cui
499 2929 562 2977 uitio
578 2942 669 2977 uersus
682 2926 725 2976 hic
740 2931 787 2977 erit
802 2928 920 2994 exemplo
937 2929 1009 2994 (nam
1024 2927 1067 2977 hic
1082 2928 1146 2977 nihil
1159 2943 1219 2994 pro-

108 2996 179 3046 hibet
200 2998 226 3044 in
248 2997 319 3045 uitiIs
342 2997 433 3046 alienIs
452 2997 576 3062 exemplis
594 2994 657 3060 uti):
685 2997 788 3047 oTite'
808 3015 831 3048 e.
850 3015 876 3060 q.
895 3015 916 3051 s.
937 2998 1013 3062 [Ann.
1035 2996 1096 3063 113]
1120 3001 1159 3046 ‘et
1176 2997 1218 3046 hic

109 3065 225 3114 eiusdem
243 3068 348 3131 poetae:
367 3066 516 3128 quicquam'
535 3082 559 3120 e.
579 3082 604 3128 q.
625 3082 648 3117 s.

150 3281 204 3335 448
224 3290 264 3348 sq.
281 3276 344 3346 quis
365 3292 416 3329 nos
438 3280 518 3346 pater
531 3280 578 3330 aut
596 3280 731 3346 cognatus
749 3274 823 3329 uolet
839 3271 941 3328 Contra
958 3273 1029 3327 lueri
1044 3272 1220 3329 111440140Ιί44.

109 3363 172 3433 quis
187 3368 266 3432 pater
281 3366 328 3415 aut
348 3365 485 3432 cognatus
501 3361 575 3415 uolet
591 3376 643 3414 nus
665 3365 762 3414 contra
776 3359 846 3413 tueri
869 3359 960 3415 Varro
1052 3362 1104 3416 445
1120 3361 1219 3414 nutan-

109 3448 181 3502 tibus
197 3446 315 3515 Nonius‚
335 3444 442 3517 Gryplt.
459 3462 512 3517 mq.
538 3446 615 3501 Voss.
633 3461 671 3499 m.
682 3461 733 3516 pr.
750 3445 869 3498 nutantis
893 3444 971 3500 Voss
989 3459 1065 3498 corr.
1078 3459 1139 3499 cum
1150 3450 1219 3500 cete-

108 3533 149 3586 ris
234 3534 287 3590 446
308 3530 345 3585 ibi
359 3529 539 3599 aracaeum,
562 3547 613 3585 cm.
631 3530 695 3584 libri
776 3532 830 3587 448
849 3543 980 3598 umquam
997 3528 1027 3584 0.
1045 3527 1219 3602 Ribbeckius‚

109 3634 162 3672 om.
175 3616 245 3670 libri.
331 3614 484 3686 quidquam
501 3615 648 3686 quisquam
663 3613 793 3684 cuiquam
809 3611 884 3684 quod
900 3614 927 3666 ei
947 3614 1096 3667 conueniat
1111 3612 1141 3670 0.
1154 3613 1220 3669 Rib-

110 3700 229 3755 tectius.
251 3699 399 3770 quicquam
418 3701 504 3770 quicq
519 3715 624 3770 quemq
645 3698 737 3769 quisq.
754 3699 902 3753 conuenIat
925 3697 1054 3753 chrzb.
1071 3699 1219 3769 quisquam

110 3786 258 3855 quiequam
275 3800 436 3854 quanquam
451 3799 610 3855 quenquam
626 3783 773 3854 quisquam
794 3783 943 3838 conueniat
959 3782 1046 3854 Opitz.
1069 3784 1219 3853 quIcquam

109 3871 258 3940 quisquam
274 3883 441 3937 quemquam
457 3869 575 3939 quisque
592 3869 741 3922 conueniet
760 3868 869 3923 Ws'ndb.
881 3869 958 3922 Fris.
975 3867 1128 3939 quidquam
1143 3868 1220 3938 quis.-

110 3969 195 4025 quam
211 3967 378 4021 quemquam
394 3967 505 4021 quamq.
520 3953 616 4027 quisq.
632 3954 782 4007 conueniat
803 3951 873 4006 Par.
900 3951 1051 4023 quidquam
1072 3952 1219 4022 quisquam

111 4052 279 4109 quemquam
298 4027 417 4106 quisque
433 4036 584 4091 conueniat
599 4036 697 4092 Bamb.
712 4054 738 4091 0.
754 4036 905 4108 quidquam
919 4037 1066 4107 quisquam
1082 4051 1219 4107 quemque
1247 4076 1253 4088 .

111 4123 230 4193 quisque
253 4121 403 4174 conueniat
425 4119 524 4174 Bamb.
544 4120 569 4175 b.
591 4120 744 4192 quidquam
760 4122 907 4192 quisquam
925 4137 1092 4191 quemquam
1107 4136 1219 4190 quemq.

111 4209 174 4277 quis
193 4205 342 4260 conueniat
360 4203 452 4259 Troes.
471 4203 624 4274 quidquam
641 4207 789 4277 quisquam
807 4221 974 4276 quemquam
990 4205 1052 4275 quis
1070 4205 1220 4258 conueniat

113 4291 182 4348 Tur.
199 4289 352 4363 quidquam
368 4289 516 4360 quisquam
532 4289 664 4360 cuiquam
682 4290 758 4361 qucd
775 4290 925 4345 conueniat
939 4291 1020 4360 uulqo
