2834 4988
445 930 844 1017 PRAEFATIO

176 1251 216 1333 Q.
244 1251 346 1317 Ennii
369 1252 495 1339 poesim
520 1271 580 1338 per
605 1248 779 1316 multorum
802 1250 905 1317 libros
934 1250 1116 1339 dispersam
1144 1249 1200 1336 qui

96 1372 130 1434 in
156 1392 256 1436 unum·
277 1370 443 1456 conligere
471 1378 504 1435 et
531 1369 700 1439 emendate
724 1371 862 1459 scriptas
889 1369 1066 1459 particulas
1093 1368 1127 1433 in
1153 1368 1201 1431 in·

93 1489 241 1573 tegrioris
264 1490 408 1578 aliquam
421 1490 567 1576 corporis
580 1491 722 1577 speciem
740 1497 924 1554 restaurare
938 1487 1036 1555 hodie
1053 1508 1202 1575 suscepe-

91 1609 147 1690 rit,
170 1608 199 1673 is
220 1628 337 1674 uereor
351 1618 388 1674 ut
401 1611 552 1698 cuiquam
565 1617 621 1673 aut
635 1630 912 1697 superuacaneum
927 1605 1072 1674 laborem
1092 1603 1202 1671 subire

92 1736 148 1794 aut
173 1711 435 1814 intempestiuum
464 1728 626 1792 insumere
653 1748 785 1816 operam
811 1726 973 1793 uideatur.
1017 1725 1101 1791 Nam
1129 1748 1202 1791 cum

91 1857 204 1913 nostra
222 1845 350 1912 demum
372 1853 462 1912 aetas
484 1848 580 1912 etiam
596 1846 835 1929 remotissimis,
858 1868 940 1934 quae
963 1845 1019 1912 diu
1033 1834 1204 1933 neglectae

91 1968 259 2049 iacebant,
280 1966 461 2059 litterarum
480 1966 699 2032 Romanarum
721 1965 868 2056 partrbus
890 1975 1077 2054 exoptatam
1096 1966 1202 2032 lucem

94 2085 256 2167 attulerit,
276 2091 357 2149 'tum
384 2087 588 2174 superiorum
616 2086 716 2151 Ennii
748 2085 927 2152 editionum
958 2084 1018 2150 uix
1047 2084 1116 2150 ulla
1144 2092 1203 2169 cst,

92 2226 179 2294 quae
202 2202 367 2271 desiderio.
376 2204 487 2292 paullo
510 2189 667 2271 seueriori
690 2205 892 2271 satisfacere
913 2204 1026 2293 possit.
1070 2201 1203 2269 Etenim

92 2347 132 2390 ne
161 2322 240 2411 quid
266 2323 410 2410 iniquius
439 2324 481 2389 de
507 2323 802 2413 Stephanorum
828 2347 906 2391 cura
932 2323 1091 2407 iudicem,
1122 2343 1203 2410 quos

97 2442 308 2532 conquirendi
342 2440 512 2508 Ennianas
551 2443 706 2533 reliquias
744 2445 873 2509 initium
910 2444 1028 2508 fecisse
1067 2448 1204 2527 constat,
1278 2446 1282 2455 '

100 2563 150 2626 uel
168 2563 240 2651 ipsa
264 2561 482 2628 Columnae
503 2562 678 2628 laudabilis
701 2565 863 2629 industria
884 2565 1020 2629 multum
1041 2562 1139 2647 afuit,
1168 2571 1206 2628 ut
1290 2615 1294 2625 ‚

98 2682 217 2765 omnia,
249 2681 333 2769 quae
361 2680 397 2744 in
418 2680 481 2747 hoc
501 2703 622 2768 genere
643 2684 803 2768 praestari
830 2672 985 2766 debeant,
1016 2681 1204 2748 confecerit.
1268 2674 1276 2695 '

95 2800 137 2864 Ni
158 2802 276 2864 mirum
296 2800 508 2887 interpretem
528 2811 595 2866 tam
614 2824 722 2867 rerum
742 2824 839 2891 quam
859 2800 1011 2867 dictionis
1033 2800 1205 2867 Ennianae

95 2941 152 3005 pro
173 2919 231 2984 illa
252 2918 384 3007 quidem
407 2929 513 2985 aetate
536 2923 668 3007 egregie
689 2944 724 2987 sc
747 2921 864 3006 gessit,
894 2922 1041 2987 criticam
1063 2944 1205 3008 operam,

75 3061 159 3125 'qua
178 3038 322 3104 maxime
343 3038 538 3125 indigebant
557 3037 592 3103 hi
613 3061 744 3122 uersus,
774 3061 890 3127 parum
915 3041 1039 3105 intente
1061 3042 1205 3125 nauauit,

100 3178 157 3221 nec
180 3157 252 3223 fere
287 3159 396 3244 attigit
428 3157 622 3245 disponendi
650 3179 688 3221 ac
714 3157 891 3244 probabili,
928 3180 993 3246 quo
1022 3159 1100 3225 olim
1128 3159 1207 3224 fuis-

97 3285 167 3342 sent
186 3277 317 3361 ordine,
347 3276 539 3344 conectendi
563 3278 746 3364 fragmenta
767 3275 922 3342 officium.
967 3277 1081 3368 Neque
1103 3280 1207 3368 isqui

95 3397 271 3484 repetendo
303 3396 481 3462 Columnae
517 3397 602 3464 libro
636 3397 779 3484 praefuit
812 3394 1049 3482 Hesselius,
1085 3421 1213 3483 nouare⁴

97 3518 269 3604 quicquam
290 3517 325 3580 in
347 3518 489 3581 auctoris
512 3499 617 3606 opere*
630 3515 786 3600 instituit3
809 3516 1068 3605 supplementum
1082 3525 1209 3584 tantum

95 3636 169 3701 buic
189 3657 295 3701 nouae
323 3635 459 3700 editioni
479 3637 589 3703 uarias
610 3634 809 3700 eruditorum
837 3638 872 3700 in
894 3636 1039 3703 Ennium
1060 3646 1154 3704 notas
1177 3648 1209 3704 et

97 3756 328 3841 castigationes
351 3756 500 3822 subiecit.

178 3875 315 3940 Praeter
340 3875 414 3941 illos
443 3884 551 3941 autem
572 3896 684 3958 nemo,
715 3896 797 3963 quac
823 3874 864 3940 de
885 3874 987 3940 Ennii
1009 3878 1208 3945 carminibus

96 4002 304 4082 supersunt,
331 3985 440 4062 omnia
462 3990 722 4084 comprehendit:
752 3996 810 4060 sed
828 3996 947 4082 tragici
970 3997 1118 4086 epiciquc
1138 4007 1209 4063 tan-

95 4122 164 4178 tum
185 4114 316 4200 generis
338 4114 518 4204 particulae
525 4164 534 4199 ,
564 4116 599 4179 in
620 4115 700 4180 duos
725 4096 817 4203 quasi
839 4122 1015 4203 granorum
1037 4117 1207 4182 aceruulos

96 4233 276 4317 conlectae,
313 4233 538 4300 tractabantur
570 4235 715 4299 seorsim.
770 4237 820 4301 Ac
853 4237 1042 4323 tragoediae
1077 4236 1206 4323 quidem

96 4349 259 4443 reliquiis,
285 4354 321 4419 in
348 4354 547 4441 tragicorum
567 4353 759 4419 Latinorum
781 4376 916 4444 corpore
944 4355 1099 4442 receptis,
1130 4353 1207 4423 olim
