2834 4988
326 374 363 479 ³³·
405 332 484 435 *3
565 393 808 466 nnnrovrnn
1199 402 1241 467 aa

244 508 274 537 .,
289 488 310 521 a·

232 556 366 631 Virtute
387 560 606 655 experiamur.
645 565 688 635 lit
705 565 768 635 hoc
791 568 887 639 simul
911 570 1023 660 accipe
1044 572 1181 645 dictum:

144 671 205 733 205
233 661 382 755 Quorum
400 665 535 739 urbitei
556 667 629 738 belli
653 671 786 738 lortuna
804 674 960 764 pepercit,
1188 690 1191 697 '

231 767 422 841 Eorundun
442 768 583 841 libertati
606 794 657 840 me
677 794 813 864 parcere
835 781 960 846 certum
978 784 1039 847 est

231 870 330 941 Dono
348 871 456 942 ducite
479 874 589 968 doque
611 875 799 946 uolentibus
822 901 897 949 cum
919 882 1050 973 magnis
1070 881 1132 951 dis.

628 1010 710 1081 XIV
724 1010 740 1047 ὴ

230 1124 304 1208 Quo
323 1127 419 1196 uobis
439 1133 567 1199 mentes
591 1135 700 1200 rectae
724 1139 916 1225 quaestore
935 1135 1087 1206 solebant

230 1229 396 1316 Antehac,
425 1231 585 1302 dementis
606 1255 683 1303 sese
704 1234 828 1305 flexere
850 1237 939 1307 uiai?

650 1370 716 1440 XV

142 1491 202 1553 210
231 1483 298 1553 Sed
320 1485 399 1578 qnid
422 1508 489 1581 ego
512 1487 564 1559 hic
585 1488 694 1560 animo
717 1491 902 1563 lamentor?

722 1626 738 1663 ’l‘

229 1720 351 1795 Orator
369 1726 441 1798 sine
462 1751 545 1821 pace
570 1625 816 1825 ccclxiigtque
836 1732 938 1801 refert
959 1683 1043 1801 rem:

634 1865 728 1937 XVll

292 2016 300 2033 .
352 1967 406 2033 ast
424 1965 533 2036 animo
555 1973 714 2060 superant
731 1973 830 2062 atque
850 1992 971 2061 aspera
992 1969 1097 2060 prima

227 2064 377 2137 Volnera
398 2067 474 2137 belli
494 2068 706 2161 despcrnunt.

126 2268 219 2329 estqui
233 2268 282 2316 ait:
303 2268 348 2318 olli
363 2270 500 2319 cernebant
512 2272 613 2337 magnis
625 2271 658 2320 de
671 2272 747 2322 robus
758 2280 872 2337 agentes.
900 2279 925 2322 et
938 2271 1019 2321 idem:
1037 2270 1105 2321 ferro
1174 2272 1237 2321 utri-

126 2336 192 2397 que.'
229 2336 299 2386 ldem
314 2339 340 2387 in
356 2339 418 2388 Aen.
432 2339 518 2391 X532
543 2343 731 2407 ‘gnatisparce
749 2343 814 2391 tuis:
834 2356 931 2407 parce
947 2350 1031 2390 autem
1044 2349 1082 2390 est
1097 2341 1236 2391 secundum

124 2405 241 2467 antiquos
255 2421 340 2468 serua,
354 2415 381 2456 ut
397 2409 466 2474 apud
476 2409 602 2460 Lucilium
617 2418 641 2460 et
653 2412 762 2461 Ennium
778 2410 923 2460 inuenitur!
951 2411 1025 2460 Vnde
1038 2411 1168 2460 liberalius
1182 2410 1236 2460 edi-

123 2483 191 2523 tores
204 2476 331 2525 uersiculo
346 2478 389 2540 qui
403 2478 514 2544 Vergilii
529 2488 568 2529 cst
581 2480 691 2530 Ennium
713 2479 908 2546 locupletarunt.
941 2480 1098 2546 Pomponius
1116 2481 1141 2529 in
1156 2480 1234 2544 Verg.

124 2545 188 2593 Aen.
202 2544 277 2595 11112
297 2549 370 2596 ‘curn
385 2549 476 2603 sociis:
495 2563 585 2597 uersus
598 2557 636 2598 est
652 2551 766 2599 Eunii‘et
782 2559 840 2599 sunt
853 2550 932 2599 uerba
941 2549 1050 2614 Pyrrhi!
1076 2548 1150 2608 Quod
1163 2549 1237 2598 salro-

123 2614 176 2662 lion
197 2614 309 2666 adhaec
326 2624 425 2666 tantum
439 2633 504 2680 quae
521 2627 580 2668 aunt
598 2620 726 2685 magnis
745 2620 795 2669 dis
817 2620 944 2685 pertinere
961 2619 1087 2669 intellexit
1100 2617 1237 2684 Philippus

123 2683 267 2748 Wagneras
336 2685 398 2735 XlV
423 2686 511 2737 Cicero
533 2687 588 2738 Cat.
609 2689 669 2738 mai.
691 2687 716 2747 6,
738 2687 771 2740 lu
791 2690 908 2755 (Appius
923 2686 1060 2751 Claudius)
1085 2693 1158 2737 ‘cum
1178 2701 1238 2737 aen-

123 2753 202 2802 teutia
220 2761 325 2803 senatus
342 2755 476 2806 inclinaret
495 2756 528 2806 ad
548 2772 638 2822 pacem
658 2773 716 2807 cum
728 2757 825 2822 Pyrrho
843 2758 985 2821 foedusque
1004 2757 1167 2816 laciendum,
1185 2770 1236 2806 uon

124 2821 250 2872 dubitauit
266 2823 352 2873 dicere
371 2824 430 2885 illa,
455 2841 520 2888 quae
535 2827 654 2877 uersibus
673 2838 823 2892 persecutus
841 2836 880 2877 est
900 2827 1011 2877 Ennius:
1032 2827 1095 2889 quo'
1118 2842 1141 2876 e.
1161 2840 1187 2887 q.
1209 2839 1234 2906 ‚⁸⁹

124 2896 270 2955 ‘ceteraque
288 2893 456 2958 grauissime3
484 2905 573 2945 notum
586 2897 654 2946 enim
669 2896 743 2946 uobis
757 2912 859 2946 carmen
873 2896 930 2946 est'
1000 2896 1049 2946 XV
1075 2895 1189 2944 Donatus
1208 2908 1235 2974 in

122 2961 180 3009 Ter.
201 2961 303 3011 Pharin.
323 2962 347 3011 V
368 2965 428 3023 4,2
452 2966 558 3030 ‘parare
573 2966 673 3014 animo:
697 2975 805 3016 uenuste
826 2966 940 3015 additum
960 2965 1055 3014 animo.
1090 2963 1188 3012 Ennius
1208 2976 1235 3010 in

123 3037 195 3079 sexto
210 3031 263 3081 ...⁸
333 3030 396 3082 xvi
413 3034 495 3083 Varro
510 3034 615 3084 aaut.
629 3035 678 3083 VII
691 3035 723 3083 41
738 3035 772 3084 M.
791 3035 876 3100 ‘apud
887 3034 1008 3083 Ennium:
1026 3033 1121 3081 orator'
1137 3048 1160 3080 c.
1174 3046 1199 3093 q.
1211 3045 1233 3079 s.

124 3102 249 3151 ‘orator
267 3100 351 3151 dictus
365 3103 397 3152 ab
411 3103 538 3161 oratione;
562 3104 605 3165 qui
619 3104 687 3153 enim
703 3104 782 3153 uerba
796 3105 938 3153 orationum
953 3102 1058 3151 liaberet
1072 3100 1175 3166 publice
1189 3098 1235 3149 atl-

122 3182 213 3218 uorsus
235 3184 293 3220 eum
310 3185 361 3233 quo
379 3171 528 3238 legabatur,
553 3173 585 3221 ab
601 3173 715 3222 oratione
733 3183 817 3222 orator
838 3172 939 3221 dictus.'
975 3172 1105 3220 Oratorem
1119 3169 1233 3227 Cineam,

121 3237 211 3302 Pyrrhi
228 3240 360 3300 comitem,
385 3243 490 3307 agnouit
511 3241 635 3293 Columna
705 3241 778 3290 xvu
797 3241 883 3292 Schol.
904 3241 999 3290 Veron.
1021 3240 1048 3287 in
1066 3238 1146 3304 Verg.
1167 3236 1233 3287 Aen.

162 3419 214 3473 205
241 3429 396 3490 quorumue
411 3415 510 3471 Bamb.
525 3433 553 3470 a.
570 3431 725 3487 qnorumue
740 3413 838 3471 Bomb.
855 3413 871 3468 b
884 3429 920 3468 m.
933 3429 984 3484 pr.
1000 3411 1088 3469 Beria.
1104 3409 1232 3485 ders.

194 3499 293 3555 uirtute
301 3499 400 3554 Bamb.
413 3517 432 3554 a
442 3500 459 3554 b
470 3501 521 3568 (m.
527 3500 591 3573 pr.)
602 3501 690 3556 Bern.
703 3501 747 3555 ab
759 3499 826 3572 Ers.
841 3498 933 3554 uirtuti
944 3499 1029 3554 cetera·
1116 3502 1170 3558 too
1183 3495 1233 3551 ho-

121 3581 239 3638 rundem
253 3582 328 3640 Ociti.
343 3599 419 3639 corr.
435 3599 472 3638 ecc
484 3584 647 3639 eorundem.
674 3583 717 3656 Cf.
728 3584 925 3640 Lucltmonnua
937 3581 1066 3638 adlucr.
1086 3580 1130 3638 VI
1137 3585 1191 3641 tao

162 3668 282 3723 libertati
294 3684 338 3722 me
349 3667 554 3724 Lachmannua.
567 3685 612 3723 me
624 3669 742 3725 libertati
752 3670 815 3725 libii
903 3669 954 3727 207
968 3665 1011 3721 dis
1022 3666 1086 3722 titia·
1092 3667 1231 3740 plerique.

122 3750 175 3807 diis
188 3752 284 3807 Bamb.
296 3752 312 3807 b
326 3750 401 3808 Oeltl.
506 3756 560 3812 208
574 3770 629 3824 qua
645 3754 725 3809 uobis
742 3758 816 3808 recte
832 3756 939 3806 mentes
951 3748 1092 3807 Menoec
1177 3764 1231 3820 que

120 3875 193 3924 recte
209 3869 280 3926 θνα.
366 3873 420 3929 209
438 3868 560 3929 dementi
576 3887 608 3926 se
622 3869 733 3926 Monac.
746 3888 765 3926 a
788 3870 831 3939 (iit
845 3869 928 3924 laura
942 3882 1018 3927 corr.
1034 3881 1072 3922 cx
1087 3843 1231 3922 dementis

121 3955 221 4022 sese),
252 3953 323 4010 (luti.
345 3969 410 4009 sese
432 3953 554 4010 dementi
578 3952 653 4010 Oeltt.
675 3953 821 4010 dementes
841 3969 905 4009 sese
927 3951 999 4006 Por.
1026 3949 1172 4006 dementes
1198 3968 1231 4005 se

121 4036 230 4094 Monac.
246 4037 263 4093 b
276 4053 292 4092 c
377 4039 434 4093 uiai
449 4038 598 4095 amenus
611 4038 733 4095 odHor.
747 4039 840 4096 Germ.
853 4035 908 4092 ΙΙΙ
921 4041 948 4104 5,
959 4039 1007 4101 ta.
1033 4034 1230 4091 Lucbmnnua

120 4122 159 4177 tul
182 4121 269 4179 Lacr.
296 4119 381 4181 129.
407 4123 454 4177 uia
475 4122 547 4187 boa,
574 4125 628 4179 mat
649 4123 724 4196 quoii
756 4126 805 4179 uia
832 4139 888 4194 qua
915 4119 991 4176 Oeltl.
1097 4124 1150 4177 212
1183 4123 1230 4172 aut

120 4206 181 4261 cod.
267 4206 360 4261 animo
371 4205 410 4262 H.
418 4205 532 4262 Keiliua.
547 4208 656 4263 animos
667 4208 726 4276 (uel
735 4209 859 4274 animas)
876 4204 936 4261 cod.
1023 4219 1125 4275 aspera
1138 4202 1230 4273 prima

121 4288 159 4344 Η.
170 4288 285 4347 Kellios.
306 4307 359 4363 asp
434 4292 506 4346 rima
519 4291 579 4347 cod.
595 4294 752 4364 asperrima
766 4293 800 4348 Α.
814 4291 909 4348 Mutua
1014 4292 1068 4349 ata
1098 4285 1228 4352 uolnera]

162 4390 275 4447 unns.
1002 4380 1022 4442 3
