2834 4988
562 398 806 469 nunrovran

660 564 709 636 iv

233 684 411 779 Tarquinio
428 685 519 757 dedit
539 685 711 777 imperium
734 683 832 756 simul
853 689 887 756 et
907 687 982 756 sola
1001 688 1107 781 regni.

670 821 706 892 V

203 1019 209 1027 ,
234 943 364 1015 Circum
382 965 440 1014 sos
462 948 646 1037 quaesunt
668 965 810 1037 magnae
832 946 952 1036 gentes
973 944 1150 1037 opulentae

663 1079 712 1151 VI

234 1199 305 1271 Hac
323 1206 423 1272 noctu
444 1201 501 1272 iilo
524 1200 680 1293 pendebit
701 1200 834 1272 Etruria
852 1204 932 1272 tota.

658 1336 722 1408 VH

234 1457 416 1551 Postquam
439 1456 562 1528 defessi
584 1461 661 1527 sunt
681 1459 771 1527 stare
794 1461 826 1526 et
846 1477 1008 1551 spargere
1029 1478 1106 1527 sese

149 1571 207 1632 155
236 1560 367 1631 Hastis:
396 1561 521 1632 ansatis
541 1565 741 1632 concurrunt
762 1560 908 1654 undique
926 1559 1012 1630 telis.

728 1697 743 1734 a

235 1801 388 1873 Tarouini
409 1823 531 1894 corpus
552 1697 778 1872 bonaiddina
800 1800 880 1871 lauit
901 1803 933 1871 ct
953 1798 1057 1870 unxit.

234 2033 417 2113 Pro'dinunt
436 2041 565 2113 famuli:
593 1937 819 2113 tmfiandida
838 1997 962 2111 lumina
979 2041 1098 2111 lucent.
1130 2029 1132 2034 ’

703 2176 720 2216 ’t‘

237 2282 279 2354 Et
301 2281 356 2375 qui
377 2286 495 2353 sextus
513 2287 583 2354 erat
602 2179 728 2354 Roidae
746 2304 889 2377 regnare
911 2281 1092 2375 quadratae

133 2484 215 2535 bonus
230 2485 316 2535 Ancus
338 2485 460 2548 reliquit.⁸
532 2487 568 2535 iv
586 2490 676 2538 Festus
692 2503 719 2554 p.
735 2485 786 2538 298
801 2483 836 2536 Μ.
861 2486 996 2544 ‘solum,
1016 2491 1119 2535 terram.
1148 2483 1246 2533 Ennius

135 2554 150 2602 l.
167 2555 203 2604 111
219 2555 273 2603 ...’
344 2556 368 2604 V
386 2555 476 2604 Festus
489 2569 516 2620 p.
531 2556 580 2608 301
595 2558 630 2608 Μ.
653 2561 722 2608 ‘sos
735 2572 782 2624 pro
797 2570 841 2606 eos
854 2556 951 2618 antiqui
966 2554 1093 2612 dicebant,
1109 2559 1137 2602 ut
1149 2552 1247 2603 Ennius

134 2623 161 2673 ii.
174 2624 199 2673 1:
222 2623 294 2689 [XX]
312 2624 330 2673 Ι.
346 2625 381 2673 iil
398 2627 451 2674 ...’
523 2626 559 2676 v1
579 2629 724 2678 Macrobius
744 2627 797 2679 Sat.
813 2627 855 2675 14
875 2641 902 2691 p.
918 2624 951 2676 26
967 2625 1024 2674 Jan.
1047 2624 1159 2694 ‘Ennius
1178 2623 1246 2673 enim

133 2694 183 2743 nisi
201 2695 242 2743 oui
255 2695 357 2744 uidetur
377 2695 442 2744 inter
454 2701 555 2747 nostrae
575 2699 666 2748 aetatis
680 2698 813 2764 politiores
832 2696 971 2745 munditias
992 2694 1153 2760 respuendus
1172 2701 1248 2743 noctu

133 2764 256 2813 concubia
266 2764 332 2814 dixit
341 2764 382 2814 his
391 2765 522 2815 uersibus:
540 2765 586 2832 [IV
596 2768 627 2818 ir.
639 2767 686 2834 Vi]
700 2782 749 2831 quo
763 2769 788 2816 in
802 2766 858 2816 ioco
872 2764 1125 2815 animaduertendum
1136 2770 1183 2821 est,
1196 2778 1248 2814 non
1304 2768 1308 2775 “

134 2834 216 2883 solum
232 2834 301 2897 quod
314 2841 391 2884 noctu
404 2836 528 2885 concubia
541 2838 587 2887 sed
603 2839 671 2901 quod
684 2839 761 2887 etiam
772 2852 823 2900 qua
836 2843 911 2884 noctu
924 2835 1027 2885 dixerit.
1055 2834 1086 2883 Et
1099 2834 1148 2884 hoc
1162 2834 1248 2899 posuit

134 2904 160 2952 in
173 2903 303 2954 annalium
318 2904 442 2970 septimo,
462 2905 489 2953 in
503 2921 610 2969 quorum
622 2909 696 2958 tertio
710 2908 804 2956 clarius
819 2906 888 2955 idern
901 2905 982 2954 dixit:
1002 2903 1062 2953 hac·
1082 2920 1104 2952 c.
1117 2920 1141 2966 q.
1155 2920 1176 2952 s.

134 2974 182 3022 Vil
203 2972 348 3024 Macrobius
366 2973 420 3024 Sat.
441 2976 477 3024 Vi
497 2975 511 3031 l
531 2993 557 3042 p.
573 2976 626 3027 499
641 2978 698 3026 dan.
731 2982 897 3026 ‘concurrunt
917 2974 1030 3036 undiquc
1051 2973 1110 3023 telis
1128 2973 1249 3022 indomiti

133 3043 271 3109 agricolae.
295 3042 438 3109 [Aenvli
458 3042 519 3109 520]
544 3047 641 3096 Ennius
660 3048 687 3096 in
705 3048 779 3095 tertio
801 3046 856 3094 ...'
928 3044 989 3093 Viil
1010 3043 1116 3093 Seruius
1136 3043 1162 3091 in
1181 3043 1246 3092 Aen.

134 3113 169 3162 VI
183 3112 234 3163 219
250 3114 353 3163 ‘lauant
365 3112 483 3180 frigentis
496 3122 521 3164 et
534 3123 646 3181 ungunt:
665 3131 755 3166 uorsus
770 3114 844 3165 Ennii
858 3114 901 3176 qui
913 3114 964 3162 ait:
981 3113 1126 3175 Tarquinii’
1142 3128 1165 3161 e.
1183 3128 1208 3174 q.
1224 3126 1247 3161 s.

135 3182 249 3232 Donatus
269 3184 295 3232 in
307 3184 367 3232 Ter.
382 3184 444 3233 Hec.
460 3184 508 3242 12,
524 3184 559 3236 60
581 3185 661 3250 (uxor
677 3182 788 3247 dicitur).
804 3183 890 3246 ‘quod
910 3183 975 3231 lotos
990 3183 1094 3231 maritos
1112 3183 1185 3247 ipsae
1200 3196 1248 3230 un-

134 3252 255 3317 guebant,
271 3254 344 3302 cuius
356 3254 393 3302 rei
402 3254 474 3303 tostis
484 3255 595 3304 Ennius:
611 3256 671 3304 exin
682 3253 863 3317 Tarquinium'
879 3268 901 3303 e.
914 3268 939 3314 q.
951 3267 972 3300 s.
990 3251 1136 3317 (Ennius
1151 3251 1248 3301 testis

135 3329 185 3371 est
210 3322 294 3388 Lugd.
323 3323 364 3372 ed.
389 3320 514 3385 Medici.)
589 3324 625 3374 IX
646 3325 735 3374 Festus
763 3340 789 3389 p.
811 3321 863 3372 229
886 3321 920 3371 M.
950 3321 1160 3387 ‘prodinunt‚
1187 3335 1249 3386 pro·

136 3391 227 3451 deunt,
252 3400 281 3440 ut
299 3393 396 3442 Ennius
415 3394 501 3442 annali
520 3393 536 3442 Ι.
555 3396 589 3443 ΙΙΙ
609 3395 660 3444 ...’
689 3395 783 3444 Paulus
801 3409 827 3458 p.
839 3391 890 3442 228
901 3392 935 3440 M.
958 3391 1168 3457 ‘prodinunt‚
1188 3405 1249 3457 pro·

136 3460 221 3511 deant.
256 3462 368 3511 Ennius:
389 3463 541 3527 prodinunt'
563 3481 585 3514 e.
603 3481 627 3526 q.
644 3480 666 3514 s.
738 3464 762 3513 Χ
787 3464 877 3512 Festus
896 3460 991 3527 pass
1009 3461 1042 3510 Μ.
1070 3461 1250 3523 ‘quadrata
1330 3535 1335 3540 ι

177 3637 228 3694 154
250 3640 324 3691 stare
338 3636 375 3704 et]
395 3642 467 3692 stant
478 3643 506 3691 et
516 3638 587 3692 libri.
603 3642 720 3694 stertunt
730 3653 781 3693 ms.
798 3654 859 3711 mq.
871 3636 1131 3694 auctorePontana.
1147 3634 1248 3692 stando

135 3725 161 3774 et
171 3719 324 3777 Pontaaas.
341 3727 447 3777 stantes
462 3722 633 3788 Soricariam,
646 3724 729 3795 prod.
744 3724 888 3779 Pantanus
995 3729 1045 3780 155
1066 3721 1156 3778 hostis
1173 3721 1249 3777 Med.
1353 3784 1359 3796 .

218 3805 308 3861 hastis
324 3807 429 3862 ansatis
444 3806 576 3863 Columna
683 3813 734 3868 156
752 3808 882 3863 Tarcuini
896 3824 999 3879 corpus
1021 3807 1052 3865 G.
1067 3807 1251 3878 Ptinzyarac)

134 3889 251 3961 Epham.
280 3892 328 3946 litt.
356 3890 419 3947 Jea.
450 3897 519 3952 lona
540 3910 575 3965 p.
603 3898 653 3953 tao
681 3892 846 3949 Ritscheliac
871 3893 947 3949 Mas.
969 3892 1067 3965 philol.
1100 3891 1161 3946 VII
1188 3894 1249 3950 595

135 3974 277 4046 Tarquinii
292 3992 395 4047 corpus
408 3976 533 4033 Seram
556 3977 621 4033 exin
636 3977 817 4049 Tarquinium
829 3978 955 4034 Donatus
970 3977 1064 4050 (preb.
1079 3976 1250 4032 Weicltertus

135 4059 169 4114 dc
182 4075 257 4115 aero.
273 4063 322 4115 ini.
338 4076 414 4133 susp.
424 4080 458 4135 p.
474 4065 522 4127 60)
543 4064 596 4118 ar‘si
614 4063 688 4134 quod
712 4064 777 4118 exin
799 4062 970 4134 Tarquinum
992 4062 1055 4117 edd.
1074 4067 1129 4116 aet.
1151 4078 1186 4115 ex
1206 4061 1250 4113 in-

135 4145 261 4214 terquind
274 4145 364 4218 Laqd.
449 4146 576 4216 Merulae
596 4147 720 4219 fallaciis
741 4150 837 4203 nititur
852 4147 1033 4203 Suerda'oeua
1054 4147 1134 4201 Vina.
1146 4159 1250 4217 praec.

135 4229 226 4284 Beatl.
239 4233 315 4300 aar
422 4234 472 4291 157
487 4233 649 4302 prodinunt]
665 4232 705 4304 cf.
718 4232 883 4288 Ritcchelias
896 4233 931 4287 de
947 4233 1035 4303 epigr.
1049 4231 1158 4286 Sorano
1172 4229 1250 4285 Bon·

114 4329 189 4383 ‚aaa
213 4319 280 4373 1852
294 4332 326 4388 p.
350 4319 376 4374 17
487 4321 538 4374 158
561 4322 588 4370 et
602 4318 650 4388 qui
669 4324 765 4372 sextus
783 4323 842 4371 erat
862 4317 904 4372 M.
924 4316 1067 4372 Hes-tatas.
1087 4315 1192 4386 etquis
1208 4318 1251 4367 est
