2834 4988
601 381 844 440 EPICHARMI

688 551 730 621 lll
744 548 761 588 *

270 672 394 765 ‘Aqua‚
423 676 527 756 terra,
556 670 680 757 anima,
709 671 763 742 sol

686 807 735 877 IV
749 805 765 845 ³l¹

272 925 383 995 Terris
405 923 535 1018 genleis
556 924 662 994 omnis
679 924 807 1016 peperit
826 925 858 994 e't
879 924 1015 995 resumit
1037 926 1162 995 denuo:

227 1038 245 1097 5
270 1028 384 1098 'Istaec
408 1029 463 1098 dat
481 1028 602 1098 cibaria
619 1031 718 1122 atque
736 1028 825 1122 quod
847 1029 933 1122 gerit
951 1029 1086 1122 frugeS,
1117 1028 1232 1099 Ceres

708 1162 742 1233 V

272 1319 281 1336 .
336 1319 345 1337 .
398 1319 406 1334 .
460 1319 468 1336 .
521 1265 610 1335 terra
627 1288 749 1359 corpus
769 1267 836 1353 est,
864 1271 898 1335 al
915 1267 1033 1336 mentis
1055 1268 1141 1360 ignis
1163 1272 1225 1337 θεῖ.

701 1403 750 1473 Vl

271 1527 356 1598 ‘Istic
375 1531 425 1597 est
446 1527 578 1598 desole
599 1527 767 1616 sumplus:
803 1522 898 1615 isque
918 1524 1008 1590 totus
1028 1519 1146 1590 mentis
1169 1524 1233 1590 θεῖ.

681 1657 770 1730 Vll*

273 1778 358 1847 Ίεῖίθ
381 1781 432 1848 θεῖ
453 1779 482 1848 is
504 1772 649 1870 luppiter
669 1801 768 1872 quem
787 1777 877 1861 dieo,
906 1798 1004 1869 quem
1022 1773 1141 1844 Graeci
1162 1781 1290 1847 uocant
1361 1846 1365 1863 ,

272 1881 419 1951 Ἀὂθθιῐιε
448 1883 503 1974 qui
522 1885 642 1953 uentus
663 1886 714 1953 θεῖ
734 1885 766 1952 θῖ
785 1881 908 1949 nubes:
939 1878 1041 1947 imber
1062 1878 1181 1968 postea

206 1992 244 2053 10
270 1983 391 2078 'Atque
414 2008 457 2055 ex
478 1986 580 2055 imbre
600 1989 725 2079 frigus:
753 1987 873 2054 uentus
896 1981 973 2073 prist
998 1981 1051 2066 lit,
1080 1985 1137 2050 abr
1162 1983 1288 2054 denuo.

169 2201 261 2237 manae
279 2188 407 2251 quandam
425 2196 527 2254 gentem
547 2191 636 2256 stirpis
650 2188 785 2252 concoquit
800 2187 919 2251 Frigus
939 2184 1048 2234 calore
1063 2191 1159 2246 atque
1178 2199 1291 2236 umore

170 2258 368 2307 aritudinem
390 2257 521 2308 Miscet)
557 2261 711 2325 Epicharmo
725 2258 800 2308 Ennii
820 2255 940 2320 ascripsit
955 2253 1078 2304 Columna
1146 2254 1183 2303 III
1201 2255 1289 2305 Varro

171 2328 204 2378 de
224 2343 251 2377 re
272 2329 367 2378 rustica
385 2329 395 2377 l
410 2330 427 2378 4
442 2330 525 2378 ‘eius'
545 2330 616 2396 (agri
635 2329 759 2379 culturam
773 2325 849 2391 dicit)
873 2325 1015 2390 ‘principia
1033 2331 1091 2374 sunt
1109 2324 1199 2374 cadem
1221 2341 1291 2388 quae

171 2396 260 2446 mundi
283 2413 340 2448 esse
363 2397 460 2447 Ennius
482 2401 585 2459 scribit,
613 2414 694 2462 aqua
715 2406 800 2448 terra
820 2397 926 2446 anima
951 2395 1023 2445 sol.’
1059 2395 1113 2443 lluc
1134 2393 1214 2443 refert
1239 2394 1291 2446 Co·

172 2467 259 2516 lumna
329 2468 365 2517 IV
383 2468 464 2517 Varro
480 2468 512 2519 de
524 2469 554 2518 L.
571 2470 600 2519 L.
616 2470 639 2519 V
653 2469 686 2520 bl
702 2468 735 2518 Μ.
755 2471 836 2517 ‘terra
850 2465 916 2530 Ops,
937 2464 1005 2528 quod
1018 2464 1078 2514 hinc
1092 2478 1166 2513 omne
1180 2477 1248 2529 opus
1264 2473 1292 2515 θῖ

172 2536 220 2586 hac
234 2551 299 2601 opus
312 2538 346 2586 ad
361 2537 518 2598 uiuendum;
538 2547 562 2588 et
577 2539 635 2589 ideo
653 2539 746 2589 dicitur
760 2536 812 2603 Ops
825 2543 919 2596 mater,
937 2534 1006 2598 quod
1019 2543 1085 2584 terra
1098 2541 1186 2583 mater.
1217 2536 1291 2585 Haeo

171 2607 238 2656 enim
261 2607 359 2656 terris
459 2606 579 2668 denuo;
604 2624 682 2672 quae
709 2609 762 2658 dat
786 2606 928 2665 cibaria,
957 2613 984 2654 ut
1009 2605 1044 2654 ait
1066 2605 1178 2664 Ennius,
1206 2620 1291 2666 quae

171 2674 255 2738 quod
277 2676 362 2740 gerit
383 2675 509 2742 fruges,
526 2678 645 2729 ‘Ceres’
682 2678 747 2727 Huic
773 2676 880 2726 carmini
903 2675 1024 2740 ascripsit
1042 2673 1157 2740 Scaliger
1180 2680 1208 2722 ut
1228 2676 1288 2726 Vll.

171 2744 254 2803 Quae
278 2779 326 2795 ...
351 2745 445 2795 Ceres
468 2747 546 2813 uulgo
566 2762 613 2813 pro
631 2747 799 2798 Varronianis
817 2746 989 2810 accipiuntur3
1014 2744 1082 2806 quod
1100 2751 1187 2794 contra
1204 2744 1291 2810 Berg-

170 2815 229 2864 lrius
253 2815 285 2863 de
309 2830 387 2864 carm.
407 2814 461 2864 Sal.
481 2817 527 2867 rel.
546 2834 571 2884 p.
592 2820 653 2868 Vlll
676 2817 740 2866 haec
760 2817 864 2880 quidem
882 2814 971 2874 Ennii,
995 2816 1042 2863 sed
1060 2813 1105 2862 illa
1129 2829 1210 2876 quae
1234 2815 1291 2865 dat

171 2885 295 2934 cibaria
323 2886 446 2936 Varronis
472 2888 551 2937 uerba
581 2902 638 2937 esse
663 2894 749 2937 censet
829 2886 851 2933 V
879 2885 1025 2934 Priscianus
1052 2885 1099 2934 Vll
1129 2900 1156 2949 p.
1179 2883 1233 2934 764
1258 2886 1288 2934 Ρ.

171 2955 196 3021 (Ι
215 2970 242 3020 p.
261 2952 311 3005 335
334 2951 380 3019 K.)
404 2955 461 3006 ‘hic
481 2965 505 3008 et
530 2958 594 3007 hacc
612 2957 720 3007 amentis
743 2963 767 3006 et
787 2954 836 3005 hoo
854 2962 967 3013 amentc3
1004 2968 1051 3003 nec
1077 2954 1183 3013 mirum,
1213 2955 1290 3004 euius

172 3023 284 3090 simplex
298 3039 400 3088 qnoque
414 3028 531 3077 mentis
544 3028 642 3077 Ennius
656 3026 761 3092 protulit
774 3027 800 3075 in
815 3024 984 3091 Epicharmo:
1004 3025 1084 3073 tcrra’
1100 3040 1122 3074 e.
1138 3040 1162 3086 q.
1179 3039 1200 3073 s.
1224 3027 1290 3090 ‘pro

170 3117 275 3167 mens!
293 3092 483 3184 (elliusReg.
556 3117 744 3184 ophicarmo
761 3117 825 3182 Reg.
846 3114 1095 3181 incphicharmo
1109 3114 1253 3179 Halberst.)

205 3187 240 3235 Vl
260 3187 341 3237 Varro
356 3187 388 3236 de
403 3187 433 3237 L.
446 3188 476 3238 L.
490 3188 513 3236 V
527 3186 561 3239 59
575 3187 609 3236 M.
635 3188 694 3250 ‘qui
709 3186 796 3236 caldor
810 3203 824 3236 e
838 3186 925 3246 caelo,
947 3185 1016 3248 quod
1029 3185 1071 3234 hic
1087 3184 1291 3236 innumerabiles

171 3271 202 3304 ac
213 3256 370 3307 immortales
384 3258 472 3323 ignem
490 3258 577 3321 itaque
590 3257 759 3322 Epicharmus
774 3256 902 3306 demente
916 3255 1028 3304 humana
1042 3254 1115 3304 dicit:
1140 3254 1221 3302 istic
1239 3264 1292 3305 est

171 3326 208 3375 de
227 3325 308 3376 solc'
330 3344 352 3377 e.
374 3342 398 3389 q.
417 3342 438 3375 s.
464 3326 567 3393 (dicit
588 3327 680 3376 istic:
701 3335 749 3376 est
768 3326 793 3376 d.
815 3341 837 3375 s.
859 3325 1028 3391 Spengelius,
1054 3322 1082 3374 0.
1100 3321 1253 3388 Muellerus)

205 3396 254 3444 Vll
274 3396 355 3445 Varro
371 3395 402 3445 de
417 3396 445 3445 L.
460 3395 489 3446 L.
506 3398 529 3447 V
544 3396 578 3448 65
591 3397 625 3446 M.
646 3397 732 3447 ‘idem
751 3396 778 3446 hi
800 3397 842 3446 dei
858 3395 962 3446 Caelum
983 3401 1007 3445 θῖ
1019 3395 1111 3455 Terra,
1132 3394 1249 3459 luppiter
1264 3404 1292 3445 θῖ

214 3603 232 3657 3
253 3600 348 3654 anima
362 3602 405 3656 sol
420 3601 480 3656 coil.
495 3601 633 3656 Politiani.
652 3601 744 3655 anima
760 3606 786 3653 θῖ
801 3602 843 3654 sol
859 3601 940 3672 ιιιιὶρο
1025 3605 1043 3659 4
1064 3599 1174 3671 genteis
1188 3598 1292 3655 Haan.

173 3684 265 3754 gentis
286 3687 453 3740 celeriorem
475 3686 553 3740 Flor.
642 3684 788 3741 bisthaec
809 3684 941 3757 Scalipar.
964 3701 1035 3756 quae
1056 3685 1120 3740 libri
1204 3691 1292 3757 atque

174 3768 268 3839 quod]
293 3785 365 3841 quae
389 3769 463 3839 quod
491 3769 568 3836 libri,
596 3771 649 3822 nisi
672 3771 746 3842 quod
771 3786 899 3840 quaeque
920 3770 1089 3841 Aupustinus
1110 3787 1164 3842 my.
1190 3784 1230 3824 err
1257 3771 1293 3826 li-

171 3853 228 3908 bris
314 3852 421 3909 isthaec
448 3854 578 3909 omnibus
608 3855 702 3924 lruges
726 3855 798 3926 gerit
820 3853 945 3926 Scoliper
1029 3855 1136 3913 listic
1158 3871 1184 3908 e.
1210 3853 1240 3909 d.
1266 3875 1295 3914 ε.

174 3944 316 4008 sumptuS‚
343 3939 424 4010 isque
448 3945 520 3993 totus
539 3956 576 3998 m.
597 3955 623 3993 θ.
643 3939 784 4012 Berpkius
797 3939 924 3994 Prooem.
943 3939 1059 4011 Emped.
1070 3957 1104 4011 p.
1120 3943 1163 3997 31.
1182 3939 1249 3995 istic
1264 3960 1294 3998 e.

173 4022 202 4077 d.
218 4041 242 4077 s.
259 4030 385 4093 sumptus
404 4024 478 4095 ignis
499 4023 527 4079 id
544 4030 587 4079 θεῖ
602 4025 643 4079 sol
661 4032 704 4079 θεῖ
718 4026 799 4095 isque
821 4031 893 4080 totus
908 4043 945 4079 m¹
962 4041 987 4078 θ.
1006 4025 1076 4080 libri.
1092 4025 1153 4079 istic
1173 4041 1199 4078 e.
1218 4024 1249 4080 d.
1267 4045 1296 4083 s.

172 4112 300 4179 sumptus
317 4108 391 4180 ignis
408 4110 488 4180 isque
504 4110 604 4164 mantis
619 4116 663 4163 θεῖ
678 4109 803 4180 Soolr'per
886 4115 904 4169 8
920 4110 1023 4180 Iupiter
1039 4110 1117 4164 Flor.
1206 4109 1295 4172 Greci

171 4192 249 4248 Flor.
333 4196 461 4250 sacrem
477 4194 554 4249 Flor.
568 4195 645 4251 Goeb.
662 4194 731 4249 Por.
744 4195 759 4250 b
775 4200 805 4250 ut
818 4195 874 4249 uid.
892 4211 969 4248 arem
984 4194 1056 4249 Por.
1071 4210 1093 4258 c,
1110 4211 1163 4249 om.
1180 4193 1298 4274 Hatra„

170 4279 271 4333 lacuna
286 4280 315 4333 in
331 4278 400 4337 Por.
415 4296 442 4333 a.
462 4263 534 4356 ἆέρα
555 4279 719 4336 Vartranius
806 4286 840 4339 10
863 4286 963 4335 uentus
979 4282 1070 4353 urrlpo.
1092 4280 1182 4336 uentis
1197 4279 1267 4338 libri
