2834 4988
586 392 815 449 ENNlANAE
1154 399 1256 446 xxt'11

144 559 258 620 Nonius
281 578 311 640 p.
338 559 416 636 197,
440 558 459 619 8
483 569 513 619 et
530 555 678 620 charisius
701 558 760 639 lp.
785 558 825 618 55
847 559 877 618 Ρ.
898 557 1076 633 coniungunt
1098 555 1171 636 (inc'.
1194 555 1257 616 sed.

146 664 265 746 XXV),
289 685 347 726 non
366 667 461 745 possit
480 682 539 724 nou
571 683 608 725 ex
637 666 786 726 annalibus
814 667 1005 744 depromptus
1035 681 1114 724 esse.
1154 661 1257 741 Neque

147 790 221 832 uero
244 773 308 834 alio
325 776 445 853 saepius
466 773 594 833 carmine
617 776 661 832 usi
685 761 749 832 sunt
774 774 953 849 grammatici
983 789 1067 850 qnam
1096 771 1257 847 annalibus,

145 886 178 938 nt
200 880 224 938 si
247 880 284 940 de
300 898 396 941 ,uersu
415 881 586 940 hexametro
610 890 713 958 agatur
734 888 783 941 ant
806 882 855 958 qni
877 871 1010 940 uideatur
1028 896 1097 939 esse
1123 879 1259 939 hexame-

147 994 205 1061 ter,
228 987 354 1045 omnium
377 989 497 1067 primurn
521 989 636 1065 cogites
658 986 695 1046 de
714 985 874 1045 annalibus.
903 984 1165 1074 Eidemepisodio,
1189 1002 1258 1045 con·

117 1157 119 1160 ,
147 1093 209 1153 lato
229 1094 353 1153 maxime
376 1093 517 1169 Aeschyli
536 1094 630 1155 Prom.
655 1082 728 1168 Ι214,
752 1095 853 1152 nescio
879 1111 914 1154 an
934 1093 969 1153 ir.
992 1092 1073 1170 LlX,
1096 1096 1121 1153 si
1144 1093 1259 1173 quidem

148 1210 234 1261 recte
256 1220 272 1261 a
292 1203 540 1286 meamendatom
562 1210 618 1278 est,
643 1200 812 1260 conueniat:
837 1200 914 1279 quod
937 1200 986 1276 ibi,
1007 1200 1056 1260 ubi
1077 1218 1153 1260 nunc
1170 1199 1259 1261 habe·

148 1317 206 1385 tnr,
229 1326 331 1388 parum
352 1319 420 1388 apte
446 1309 595 1369 conlocari
617 1325 686 1368 sero
708 1306 861 1383 intellego.
938 1377 942 1385 Ι
1034 1388 1036 1392 Ι

237 1412 309 1476 Cum
337 1415 453 1477 Albano
481 1434 554 1495 rege
587 1417 705 1477 Aeneas
738 1406 927 1492 congreditur
960 1388 1104 1493 (xxviJ.
1127 1410 1260 1474 XXVlll.
1351 1450 1356 1457 -

145 1520 257 1582 XXlX.
281 1521 374 1582 XXX.
397 1521 519 1605 XXXI).
542 1523 618 1585 Alba
640 1519 725 1598 enim,
747 1521 796 1582 ubi
818 1539 884 1597 res,
910 1521 947 1582 de
975 1521 1081 1602 quibus
1109 1520 1182 1581 inira
1211 1538 1261 1580 ex·

149 1646 273 1709 ponam,
293 1629 373 1691 lliae.
387 1641 538 1717 geruntur,
561 1631 636 1711 apud
660 1629 781 1691 Ennium
801 1626 892 1688 multo
920 1636 987 1688 ante
1006 1627 1140 1689 Aeneae·
1156 1629 1274 1689 aduen—
1309 1691 1312 1695 ,
1355 1638 1357 1643 “

150 1747 211 1798 turn
236 1744 381 1806 extructa3
409 1747 440 1798 ut
458 1738 538 1798 illum
568 1736 710 1800 credibile
738 1738 777 1796 sit
805 1735 960 1795 confestim
987 1736 1023 1796 ad
1056 1736 1132 1796 hunc
1160 1754 1262 1814 regem

150 1844 332 1925 perrexisse.
372 1843 547 1927 Sciscitante
569 1845 657 1923 igitur
670 1842 766 1905 Albae
785 1862 859 1922 rege
879 1844 917 1904 de
940 1844 1115 1904 aduenarum
1138 1845 1262 1922 origine,

92 1928 95 1932 Δ
151 1951 258 2012 indea
289 1951 361 2011 lone
383 1950 479 2028 gentis
502 1952 644 2030 principia
672 1950 807 2027 deducit,
836 1969 894 2011 non
925 1949 1010 2012 aliter
1027 1959 1113 2029 atque
1143 1950 1184 2026 is,
1216 1951 1264 2028 qui

152 2057 248 2119 Ennio
270 2056 493 2134 obuersabatur,
513 2057 632 2118 llomeri
647 2057 766 2118 Aeneas
786 2057 819 2118 ll.
842 2061 871 2117 Y
885 2056 962 2118 215:
985 2048 1100 2136 qnando
1116 2057 1162 2118 his
1175 2056 1264 2118 Grae·

155 2160 200 2227 cis¹
212 2163 306 2245 (239)
322 2155 552 2245 Ἀσσάρακοςδέ
562 2157 682 2243 Κάπυν,
697 2156 713 2227 ὁ
729 2157 754 2226 d'
767 2157 806 2246 dp
813 2156 951 2246 Ἀγχίσην
965 2162 1028 2225 τέκε
1042 2163 1145 2241 παῖδα,
1161 2150 1266 2243 Adada

157 2261 201 2350 ἔμ’
215 2263 349 2353 Ἀγχίσης
370 2271 552 2350 respondent
573 2272 638 2332 iere
660 2271 696 2333 ad
715 2257 836 2332 uerbum
858 2271 987 2332 Enniana
1018 2275 1160 2333 Assaraco
1183 2281 1267 2341 noma

154 2385 239 2458 Copia
267 2385 384 2456 optimas
411 2384 488 2457 sapae
511 2385 590 2456 piam
617 2401 656 2441 ex
683 2401 714 2442 se
736 2384 875 2469 Anchisen
902 2390 1018 2456 panorm
1038 2375 1178 2463 (xxix).
1219 2376 1281 2436 lle·

154 2470 192 2549 ea
218 2487 332 2565 origine
359 2484 396 2544 ci.
421 2484 608 2563 Philargyrus
631 2489 666 2562 in,
686 2487 795 2567 Georg.
818 2486 921 2549 11185
945 2495 974 2546 et
995 2486 1116 2548 Seruius
1139 2487 1166 2544 in
1189 2484 1263 2544 Aen.

156 2594 197 2655 Vl
212 2592 287 2670 -778,
311 2592 400 2653 Silius
421 2591 540 2654 Italicus
553 2593 594 2656 Xl
609 2594 670 2656 290
683 2614 748 2675 sqq.
788 2573 909 2656 Ennium
928 2603 1046 2655 secutus
1063 2601 1109 2653 est
1120 2590 1269 2668 Vergilius

157 2702 250 2782 (Aen.
273 2699 341 2761 VIll
361 2696 529 2782 12‘lsqq.),
553 2705 601 2782 qni
621 2703 751 2764 Aeneam
773 2703 844 2763 iacit
859 2700 995 2762 Euandro
1017 2700 1081 2778 regi
1103 2699 1140 2759 de
1154 2699 1268 2776 origine

156 2808 278 2888 generis
309 2815 503 2866 enarrantem.
554 2808 582 2869 ls
618 2828 681 2870 cum
707 2809 873 2886 Atlantem,
898 2798 1060 2869 ‘aetherios
1090 2824 1190 2867 umero
1221 2805 1270 2884 qui

158 2918 282 2977 sustinet
297 2912 402 2975 orbes'
423 2915 517 2996 (137)
536 2909 585 2978 uel
601 2907 691 2979 ‘caeli
708 2919 756 2997 qui
770 2918 866 2978 sidera
879 2917 970 2978 tollit'
984 2915 1092 2995 (141),
1112 2907 1187 2974 inter'
1199 2930 1270 2991 gen·

158 3023 194 3081 tis
215 3030 352 3082 auctores
375 3005 511 3101 designet
532 3033 621 3104 atque
644 3022 702 3083 hoc
724 3033 887 3103 praeterea
902 3041 1038 3083 sermone
1057 3019 1187 3081 Enniano
1203 3028 1269 3079 ‘nta-

159 3137 207 3188 tur
226 3133 324 3204 campa
338 3131 429 3206 daque
447 3136 546 3207 fidam:
570 3149 628 3192 non
651 3132 714 3190 sine
736 3118 1052 3210 nuitaprobabilitare
1065 3136 1095 3186 et
1106 3127 1141 3187 ir.
1161 3123 1271 3185 XXVll

160 3235 197 3298 de
217 3235 337 3297 Atlante
359 3235 532 3313 intellegas,
561 3252 647 3313 quem
666 3239 695 3297 in
720 3255 896 3317 proauorum
924 3251 1044 3302 nurnero
1066 3233 1183 3293 Aeneas
1211 3232 1271 3292 lan·

160 3344 284 3421 dauerii,
306 3352 336 3405 et
348 3343 391 3402 ir.
409 3341 494 3402 XXX
515 3342 610 3413 eidem
626 3343 747 3406 Aeneae
767 3346 921 3405 amicitiam
942 3323 1183 3421 societatemque,
1206 3357 1271 3400 cum

161 3443 511 3528 regeAlbano'iungenti
533 3451 682 3512 attribuas.
718 3451 778 3512 Sed
801 3470 838 3510 ne
854 3451 929 3512 haec
947 3450 1080 3530 quidem,
1105 3466 1181 3527 quae
1202 3465 1270 3524 reg·

162 3567 212 3618 nat
240 3558 269 3629 in
296 3557 341 3618 his
362 3536 667 3634 rebusincertitudo,
698 3558 887 3618 confidentius
907 3576 978 3617 uera
1001 3575 1069 3617 ease
1089 3555 1272 3615 adfirmarim.

162 3664 227 3726 Nec
247 3664 323 3724 enim
343 3665 382 3725 ita
408 3650 607 3725 reiectaneum
632 3673 694 3742 est,
729 3663 808 3744 qnod
826 3664 877 3726 illo
895 3683 983 3724 uerso
1005 3661 1146 3742 (XXVll)
1173 3660 1273 3721 louem

164 3772 321 3850 significari
349 3769 480 3831 editores
502 3780 678 3832 statuerunt:
707 3772 736 3831 in
759 3789 843 3849 quarn
865 3789 926 3831 rem
950 3771 1061 3831 Merula
1089 3788 1147 3829 non
1174 3766 1280 3849 inepte'
1375 3846 1377 3850 y

163 3878 220 3939 hoc
248 3875 359 3956 Orphei
384 3878 414 3936 in
438 3876 551 3952 hpmnis
580 3896 669 3938 uersu
691 3880 750 3940 Ζεῦ
772 3869 883 3958 πάτερ,
909 3866 1094 3959 ὖψίδρομον,
1121 3870 1275 3957 πνρνύγεα
1367 3909 1370 3916 -

165 3978 275 4064 κόσμον
295 3977 431 4044 ἐλαύνων
450 3984 546 4044 utitur.
593 3985 692 4064 Atque
721 3984 758 4046 de
785 3984 856 4044 lone
881 3971 1131 4045 intellexit‘llnnii
1158 4000 1275 4044 uersum

167 4089 295 4151 lsidorus
321 4088 375 4168 (de
399 4100 457 4151 nat.
481 4110 539 4151 rer.
570 4111 596 4152 c.
624 4090 662 4152 12
687 4112 716 4173 p.
746 4091 806 4160 981
836 4091 961 4169 Migo),
991 4108 1077 4169 quem
1103 4091 1149 4151 his
1169 4088 1275 4149 uerbis

166 4204 211 4274 pai
230 4201 331 4257 *natan
360 4202 454 4258 orbem
491 4207 574 4262 stellis
599 4205 767 4261 ardentibus
800 4203 982 4276 resumentem
1009 4198 1112 4258 imitari
1150 4195 1273 4255 uidetur.

167 4302 268 4384 Neque
297 4305 369 4366 illud
398 4305 493 4381 magni
529 4309 633 4386 iacio,
662 4309 740 4387 quod
766 4306 946 4400 hlacrobins¹
961 4305 1022 4367 Sat.
1042 4297 1127 4364 Vll
1158 4320 1188 4382 p.
1212 4297 1274 4360 498
1364 4296 1370 4311 “
