2834 4988
563 399 806 470 unnrovme
1179 395 1240 462 121
1330 472 1333 477 ,

145 577 207 639 255
234 568 278 638 'Id
303 569 390 661 agii,
424 569 455 639 id
480 570 607 655 studet,
641 569 684 639 ibi
711 573 853 640 mentem
877 576 976 664 atque
1003 572 1147 643 inimum
1178 575 1241 645 de-

791 673 890 743 tectu
913 697 1020 745 suum.

283 770 410 844 'Otioso
431 773 549 844 initio
569 774 698 844 animus
718 774 824 846 nescii
841 777 918 870 quid
936 779 1025 850 uelit.

232 876 294 947 Hie
317 876 429 947 itidem
449 880 518 948 est:
546 878 632 948 enim
659 876 767 972 neque
789 880 876 950 domi
901 904 988 952 nuno
1013 882 1074 952 nos
1096 906 1156 955 nee
1176 886 1241 954 mi-

792 984 880 1055 litiae
901 1006 1032 1057 sumus:

119 1099 120 1103 ’
231 1090 329 1161 'Intus
347 1091 428 1177 hue,
449 1090 527 1161 illuc
544 1090 635 1161 hino:
659 1113 734 1161 eum
751 1091 828 1160 illuc
848 1086 983 1160 ue'ntum
1001 1094 1067 1178 est,
1089 1090 1136 1159 ire
1154 1089 1241 1160 illinc

794 1192 901 1263 lubet:

232 1295 366 1366 'incerte
388 1301 474 1367 errat
492 1295 638 1381 enimus,
667 1299 798 1388 praeter
815 1295 950 1388 propter
969 1295 1070 1365 uitam
1088 1295 1172 1366 uiuit
1196 1320 1221 1366 r.

653 1411 686 1480 V
699 1409 715 1448 ss

144 1523 205 1584 260
232 1513 381 1584 'Animus
399 1537 503 1608 aeger
518 1514 650 1606 se'mper
670 1518 757 1585 errat
775 1516 883 1608 ne'que
900 1515 968 1605 poti
989 1537 1096 1608 neque
1114 1514 1241 1607 pe'rpeti

231 1617 324 1688 potis
345 1621 396 1689 esi
436 1671 693 1689 ......
734 1620 857 1711 cupere
878 1641 1056 1713 numquam
1077 1618 1206 1689 de'sinit.

633 1730 682 1805 Vl
697 1733 738 1771 ti*

579 1840 789 1932 Agamemno

233 1940 315 2025 Quis
330 1942 430 2013 homo
447 1946 479 2012 ie
494 1943 691 2035 exuperiuii
704 1964 844 2036 usquam
861 1942 1009 2035 gentium
1026 1934 1252 2033 inpudentia?¹

598 2062 769 2133 Menelaus

234 2162 316 2248 Quis
339 2165 404 2233 tete
424 2167 534 2235 autem
555 2165 702 2236 ma'titia?

655 2282 717 2354 Vll

581 2388 790 2480 Agamemno

231 2484 402 2554 Menelaus
429 2509 481 2556 me
508 2487 686 2583 obiurgat?
723 2491 755 2561 id
782 2487 864 2558 meis
890 2485 991 2556 re'bus
1012 2483 1161 2577 regimen
1184 2483 1243 2554 re-

793 2591 892 2661 suut.
968 2614 975 2627 ·

129 2769 233 2806 seusus:
252 2755 348 2804 incerte
362 2790 368 2802 .
380 2791 404 2804 ..
420 2757 534 2806 uiuitur.'
605 2760 628 2808 V
649 2759 738 2810 Cicero
751 2760 827 2809 Tusc.
845 2758 913 2823 disp.
933 2758 968 2806 111
985 2755 1010 2815 3,
1025 2756 1041 2806 5
1060 2758 1101 2804 ‘ot
1122 2762 1147 2804 et
1161 2754 1243 2805 morbi

129 2825 326 2891 perniciosiores
346 2823 484 2890 pluresque
506 2835 565 2876 sunt
588 2830 667 2879 enimi
688 2845 765 2892 quom
786 2828 910 2893 eorporis.
948 2827 979 2876 Hi
999 2825 1067 2875 euim
1087 2825 1139 2889 ipsi
1160 2823 1244 2875 odiosi

130 2902 202 2953 sunt,
223 2893 292 2957 quod
305 2893 339 2944 ed
354 2895 467 2945 animum
481 2898 609 2962 pertinent
623 2914 731 2962 eumque
746 2898 899 2949 sollicitent.
925 2887 1118 2956 animusque
1132 2909 1242 2960 aeger,

130 2972 157 3013 ut
170 2964 206 3013 ait
218 2964 330 3023 Ennius,
351 2967 491 3030 semper·
512 2983 534 3016 e.
550 2983 574 3029 q.
589 2983 611 3016 s.
645 2968 728 3019 Ghoro
745 2968 809 3018 haee
822 2965 974 3031 responderi
986 2963 1015 3014 Ο.
1032 2962 1167 3012 Ribbeokii
1187 2978 1246 3013 eus..

130 3034 197 3099 pitio
218 3040 256 3082 est
325 3033 361 3082 vl
381 3033 470 3084 Gioero
483 3036 559 3085 Tusc.
575 3037 644 3103 disp.
662 3039 696 3086 lV
713 3037 756 3096 36,
772 3039 805 3088 77
825 3037 879 3086 ‘ire
951 3034 1023 3084 cuius
1038 3030 1142 3098 inpulsu
1158 3033 1245 3082 existit

131 3103 206 3153 etiam
226 3103 291 3152 iuter
306 3100 398 3154 iratres
414 3103 467 3154 tole
486 3106 612 3171 iurgium:
633 3107 690 3170 quie
705 3106 795 3156 homo’
821 3122 844 3155 e.
860 3121 884 3167 q.
899 3120 920 3153 s.
956 3103 1043 3152 ‘Nosti
1056 3117 1244 3164 quaesoquuu-

130 3180 184 3221 tur:
204 3171 343 3222 alternis
358 3174 442 3222 euim
455 3176 611 3225 uersibus
625 3177 859 3240 intorquentur
875 3175 963 3223 inter
975 3171 1097 3222 fratres
1113 3173 1244 3237 grauio-

129 3241 229 3291 simee
249 3242 485 3304 contumeliae,
510 3253 537 3294 ut
558 3243 634 3296 focile
655 3254 779 3311 appareat
796 3244 887 3294 Atrei
908 3242 1004 3293 filios
1022 3241 1096 3291 esse.⁸
1131 3240 1187 3290 Huc
1204 3257 1245 3292 re-

128 3312 233 3361 uocauit
244 3308 389 3361 uenturus
403 3312 468 3363 Mus.
488 3313 570 3364 Rhen.
591 3316 614 3364 V
628 3317 680 3365 444
692 3330 731 3377 eq.
752 3323 775 3366 et
795 3313 922 3380 Bergkiue
934 3312 990 3362 lud.
1007 3311 1065 3362 ieet.
1082 3310 1162 3359 Morb.
1179 3319 1243 3361 aest.

131 3379 200 3430 1844
219 3396 245 3446 p.
259 3379 308 3429 xn
331 3379 365 3430 of.
379 3382 512 3432 Dobraeue
528 3384 595 3433 Ado.
619 3383 708 3435 11373
777 3385 826 3433 VII
849 3382 999 3432 Rufinianus
1018 3381 1051 3430 de
1067 3379 1111 3445 fig.
1134 3387 1199 3430 sent.
1220 3389 1246 3431 et

131 3450 195 3500 eloe.
220 3450 281 3514 §11
306 3465 332 3515 p.
347 3451 399 3502 205
413 3451 514 3502 Ruhnk.
542 3455 732 3520 6ιιςαιιειοῑοείε,
753 3453 910 3519 indignatio,
930 3466 995 3514 quae
1013 3450 1168 3500 fltmaxime
1185 3465 1246 3517 pro·

133 3562 329 3571 .----

172 3631 223 3684 255
240 3625 313 3697 agit,
331 3623 361 3680 id
375 3624 406 3680 0.
420 3626 593 3684 Riooectios.
612 3626 702 3701 agitat
716 3628 795 3684 Voss.
812 3628 870 3700 agit
884 3628 971 3682 ceteri
983 3625 1047 3680 libri
1130 3628 1182 3684 257
1198 3625 1245 3682 hie

131 3709 227 3765 itidem
251 3709 282 3766 0.
300 3708 472 3767 Riooectaos.
493 3711 548 3768 hoc
571 3713 646 3768 idern
661 3713 724 3769 rori
807 3714 882 3768 enim
901 3728 992 3783 neque
1012 3709 1043 3765 S.
1060 3710 1192 3766 German.
1209 3729 1246 3766 m.

131 3796 178 3851 alt.
206 3811 251 3849 ern
271 3811 362 3866 neque
381 3796 453 3850 idem
472 3814 509 3850 m.
525 3815 576 3869 pr.
604 3798 682 3854 Voor.
702 3798 827 3870 Froneq.
849 3796 980 3870 Moqleob.
1004 3812 1095 3867 neque
1115 3795 1203 3868 Lupo.

171 3884 225 3938 158
251 3881 317 3935 illue
336 3880 402 3935 hine
424 3880 495 3936 tion.
522 3881 587 3938 hinc
621 3884 685 3938 illue
713 3881 744 3938 0.
767 3882 943 3949 Ribbeckius,
965 3881 1119 3952 inprudens
1135 3885 1203 3951 poto

172 3968 226 4023 260
246 3966 304 4036 poti
321 3963 353 4020 0.
371 3963 544 4021 Riooectuus.
566 3968 622 4037 pati
642 3967 708 4023 titre·
791 3972 840 4026 261
867 3967 941 4038 potis
964 3973 1007 4021 est
1023 3963 1055 4020 0.
1072 3964 1246 4022 Riooeclcios.

41 4086 52 4099 .
130 4053 222 4119 potest
236 4048 300 4104 iibri
389 4049 492 4105 Versus
506 4051 640 4121 disposuit
656 4049 687 4106 0.
701 4051 866 4107 Remotio
953 4055 1005 4110 262
1021 4064 1138 4120 usquam
1154 4046 1245 4105 Ooeon.

131 4133 209 4205 aliq„
228 4133 378 4190 Bentleius.
403 4151 536 4205 umquam
555 4138 640 4191 ceteri
653 4136 717 4192 lteri
800 4140 852 4195 263
873 4136 936 4207 quis
952 4141 1006 4189 tete
1028 4140 1122 4189 autern
1140 4133 1246 4189 malitia

134 4215 165 4272 0.
177 4216 353 4273 Ribbeckiue
372 4220 434 4289 quis
452 4224 543 4273 autem
562 4236 599 4273 rn.
618 4227 644 4276 te
657 4220 729 4276 libri.
746 4221 808 4291 quis
824 4226 850 4274 te
865 4227 956 4275 autern
974 4215 1247 4285 malitiaBoulrert'us

214 4305 267 4361 164
288 4303 395 4357 restitat
410 4304 550 4359 Bentleite
564 4303 652 4375 Epist.
668 4306 708 4360 od
719 4303 836 4360 Militum
851 4321 886 4376 p.
900 4308 945 4362 43.
966 4309 1055 4358 restat
1070 4302 1246 4374 exemplario
