2834 4988
604 365 832 425 ΕΝΝΙΑΝΑΕ
1212 379 1275 425 xxi

160 529 306 608 quaedam
332 530 406 590 falsa
436 531 474 592 de
501 533 563 592 suis
597 531 784 593 admisceant.
836 531 892 606 Qui
921 551 985 593 cum
1014 532 1086 593 illud
1111 536 1273 614 auaissent,

159 637 280 697 Homeri
306 638 428 699 animam
445 617 480 698 ‘in
502 638 586 700 Ennii
615 656 722 719 corpus
748 639 913 699 translatam
936 639 1063 715 narrari,
1094 658 1158 701 eam
1179 651 1272 704 trans·
1343 680 1346 685 ,
1391 688 1407 729 ‚f

159 724 310 820 lationem,
334 760 391 803 non
413 746 554 824 inspectis
574 754 604 806 ut
627 745 742 806 uidetur
763 745 925 822 annalibus,
943 745 1036 806 Persii
1051 764 1168 806 uersum
1194 749 1271 827 (Sat.

159 851 197 927 6,
228 851 266 912 10
295 853 365 930 sq.)
387 872 437 912 cor
456 857 528 913 iubet
545 856 705 926 declinat,
731 862 880 930 postquam
905 858 1048 913 destertuit
1062 873 1123 915 ease
1145 857 1270 927 Maeona-

156 964 223 1033 des‚
253 962 404 1031 Quintus
419 979 534 1035 panone
552 979 591 1020 ea
611 961 787 1036 Pptbaporeo
813 975 968 1037 perperam
989 959 1171 1040 interpretati
1192 963 1272 1024 miris

156 1064 252 1125 modis
279 1062 489 1124 disturbarnnt:
518 1082 641 1144 qnorum
669 1081 788 1124 errores
813 1065 986 1124 examinauit
1008 1063 1162 1144 llbergius.
1206 1068 1271 1130 Nec

156 1189 231 1232 uero
268 1170 363 1233 Ennio
385 1151 387 1154 Α
406 1170 464 1231 hoc
507 1189 593 1233 unum
633 1189 787 1250 emergens
828 1189 867 1231 ex
895 1170 997 1232 inieris
1031 1171 1150 1234 Homeri
1182 1176 1269 1236 simu·

125 1298 129 1303 ·
155 1279 268 1339 lacrum
291 1277 419 1357 aperuit:
452 1277 500 1356 qui
522 1278 697 1356 exordiens,
726 1278 805 1358 quod
827 1275 933 1338 Cicero
955 1276 1066 1357 (Acad.
1086 1277 1114 1340 11
1138 1279 1190 1357 27,
1210 1281 1268 1364 38)

154 1402 213 1445 non
247 1384 323 1446 adeo
357 1383 484 1445 obscure
520 1385 673 1462 indicauit,
710 1385 747 1446 ab
778 1385 822 1446 his
856 1383 970 1445 uerbis:
1006 1406 1023 1445 o
1050 1391 1144 1462 pietas
1175 1393 1269 1462 animi,

153 1500 287 1553 naturam
314 1509 411 1552 rerum
433 1491 518 1552 dictis
540 1500 572 1552 nt
597 1495 636 1554 ait
656 1492 809 1554 Lucretius
837 1489 868 1570 (l
892 1488 968 1570 126)
981 1490 1128 1568 expandit.
1164 1491 1268 1553 Parum

153 1599 231 1658 enim
252 1597 409 1677 probabile
436 1608 483 1660 est
507 1598 584 1660 aliud
615 1608 736 1679 praeter
761 1598 881 1660 annales
910 1616 1027 1658 carmen
1055 1596 1113 1658 illis
1137 1615 1212 1677 quos
1238 1600 1268 1659 in
1378 1617 1380 1622 ·

151 1703 234 1782 ipsas
256 1703 399 1765 annalium
423 1707 561 1785 reliquias
584 1707 686 1786 recepi
709 1705 836 1767 huoretii
857 1704 991 1766 uersibus
1019 1704 1194 1782 significari:
1217 1709 1267 1786 qui
1344 1784 1348 1792 .

151 1818 257 1888 aperte
282 1811 327 1870 his
357 1810 472 1890 quidem
499 1829 574 1891 quiae
596 1813 682 1875 dicit:
712 1819 760 1891 qui
771 1821 884 1890 prinmo
901 1831 1015 1873 amoeno
1028 1813 1131 1872 Detulit
1148 1832 1187 1874 ex
1206 1818 1266 1875 He-

151 1923 241 1979 ltemte
261 1925 386 1995 perenni
405 1921 511 1994 fronde
537 1938 684 1993 coronam,
713 1924 772 1979 Per
797 1925 886 1997 peratis
906 1920 997 1978 Italas
1024 1921 1164 1977 bominum
1194 1940 1267 1997 quoe

151 2029 235 2084 clara
256 2029 408 2106 clueretet
431 2024 466 2086 ad
489 2025 609 2086 annales
632 2023 738 2085 adlusit
760 2034 789 2086 et
810 2025 887 2084 hunc
906 2025 1095 2103 superstitem
1120 2042 1158 2084 ex
1177 2043 1265 2086 anna·

151 2130 229 2193 libus
251 2149 368 2191 uersum
392 2134 555 2211 expressit:
580 2138 650 2192 taus
665 2149 723 2206 per
736 2137 858 2208 populos
870 2141 1014 2208 uncaque
1022 2139 1154 2206 poemata
1168 2147 1265 2194 nostru

150 2243 238 2300 Clara
249 2243 376 2299 claebnnt
386 2236 470 2317 (lv).
492 2236 531 2299 Vt
542 2235 708 2298 Lucretium
724 2237 749 2295 si
763 2238 898 2315 sequeris
910 2235 947 2296 ad
956 2234 1075 2296 annales
1086 2237 1198 2298 referas
1209 2238 1264 2299 hos

150 2353 234 2404 certe
244 2363 348 2405 uersus
363 2343 526 2408 aVarrone
541 2342 594 2421 (de
605 2341 637 2403 L.
649 2341 680 2402 h.
693 2327 770 2405 V59
780 2342 836 2424 hl.)
853 2352 1044 2404 conseruatoa
1059 2344 1262 2409 hexametros:

149 2472 204 2512 ouo
217 2456 317 2527 parire
333 2456 402 2512 solet
411 2469 499 2527 penus
510 2456 614 2526 pennis
626 2455 837 2512 condecoratam
852 2455 916 2512 Non
931 2457 1067 2511 animam:
1089 2462 1115 2512 et
1124 2461 1189 2529 post
1200 2458 1264 2515 tude

149 2564 224 2618 uenit
234 2562 364 2618 domitus
374 2563 459 2634 pullis
470 2560 542 2634 Ipsa
555 2562 649 2616 anima
661 2554 766 2636 (Xll):
785 2557 916 2637 aquibus
930 2557 994 2618 iere
1003 2574 1061 2617 non
1071 2557 1177 2619 distant
1187 2559 1262 2621 haec
1297 2564 1302 2569 '

146 2663 320 2725 Lucretiana
329 2664 422 2745 (116)
431 2686 468 2724 un
476 2669 600 2739 pecudes
609 2668 680 2724 alias
690 2668 820 2727 diuinitus
829 2672 948 2726 insinuet
957 2670 1122 2740 se(animu).
1139 2664 1262 2726 Aesalis

146 2773 354 2852 intempestiue
376 2769 518 2833 Columna
537 2771 652 2831 uidetur
673 2770 741 2832 mihi
763 2773 880 2852 quidem
902 2771 946 2832 his
962 2770 1143 2832 Lucretianis
1165 2769 1259 2849 (120)

146 2886 200 2940 etsi
213 2852 368 2956 praeterea
391 2889 482 2940 tumen
505 2897 564 2939 esse
580 2882 735 2940 Acherusia
753 2885 854 2956 templa
874 2882 985 2940 Ennius
1009 2884 1130 2938 aeterna
1148 2884 1263 2953 exponit

146 2991 273 3047 uersibus
288 2991 373 3048 edens
389 2986 549 3051 contulisse
561 2984 710 3047 Ennianae
724 2983 948 3047 Andromachae
969 2982 1060 3043 uerba
1079 2982 1152 3063 (Vl)
1169 2987 1258 3042 Aede·
1374 3070 1380 3081 .

144 3101 245 3156 ruma
259 3102 360 3173 templa
374 3101 432 3156 alta
449 3099 522 3167 Orci,
546 3080 654 3164 sanctu,
675 3097 780 3152 suluete
794 3095 906 3168 infera,
924 3095 1037 3150 Pallida
1052 3094 1112 3164 leti,
1132 3093 1260 3149 obnubilo

144 3205 267 3262 tenebras
298 3208 383 3284 aab,
423 3208 544 3263 aemrnts
576 3205 645 3260 bea.
696 3197 771 3271 Quid
812 3198 886 3257 enim
924 3195 1092 3277 inpediebat
1128 3202 1257 3275 poetam,

145 3310 319 3386 quominus
342 3309 371 3369 in
391 3304 535 3385 annalium
563 3321 681 3384 qnoque
703 3302 843 3384 exordio,
870 3304 919 3365 nbi
945 3306 974 3364 ni
995 3305 1097 3363 mirum
1118 3321 1157 3364 ex
1179 3301 1258 3365 Orco

143 3414 302 3478 llomerum
328 3418 411 3495 lingit
440 3414 621 3488 escendere,
659 3409 837 3471 Acherontis
864 3412 995 3491 speciem
1022 3409 1157 3473 uersibus
1185 3410 1257 3474 deli·

144 3519 268 3583 uearet?
301 3525 400 3599 Quare
429 3521 508 3603 quod
529 3521 685 3581 llomerum
711 3526 842 3580 naturam
866 3535 962 3578 rerum
989 3516 1166 3596 expandisse
1188 3518 1257 3580 dicit

142 3629 311 3707 Lucretius,
334 3630 362 3691 id
385 3630 422 3692 de
443 3627 594 3691 annalibus
610 3626 694 3687 dicit:
718 3644 783 3687 cum
803 3626 974 3707 praesertim
993 3627 1022 3684 in
1044 3634 1178 3706 promptu
1201 3626 1257 3686 sint

145 3753 249 3796 uersus
270 3735 401 3816 quidam,
424 3754 482 3797 non
501 3735 544 3797 illi
557 3733 673 3814 quidem
695 3733 838 3793 annalium
854 3743 922 3794 nota
944 3734 1088 3812 insigniti,
1109 3733 1162 3795 sed
1181 3751 1256 3813 quos

145 3860 208 3902 cum
233 3850 264 3902 et
285 3843 446 3905 hexametri
468 3843 525 3902 sint
544 3850 573 3902 et
595 3839 787 3921 philosophas
808 3843 972 3902 contineant
994 3841 1171 3917 sententias,
1198 3857 1256 3901 non

144 3951 237 4029 aptius
261 3950 360 4029 possis
384 3968 469 4030 quam
486 3950 516 4008 in
532 3949 587 4011 hac
610 3955 694 4028 parte
716 3947 879 4028 prohoemii
896 3946 1065 4007 conlocare.
1101 3945 1146 4007 Gi.
1163 3946 1254 4009 llrah-

144 4074 234 4130 nerns·
251 4056 288 4116 de
311 4059 408 4118 causis
432 4058 510 4118 corr.
533 4057 619 4134 relig.
637 4055 720 4115 Rom.
744 4074 773 4135 p.
787 4054 828 4116 43
852 4065 881 4116 et
898 4055 1043 4133 Rergkius
1061 4053 1098 4114 de
1121 4069 1252 4133 prooem.

144 4161 264 4244 Emped.
298 4182 327 4243 p.
357 4163 408 4226 31.
455 4162 560 4242 Neque
595 4167 624 4224 in
654 4180 690 4225 eo
722 4163 899 4226 haerendum
936 4161 1014 4240 quod
1048 4178 1146 4240 parum
1183 4175 1252 4217 con·

145 4273 224 4334 cinne
250 4273 280 4333 in
303 4273 430 4334 carmine
460 4272 546 4350 epico
575 4269 760 4351 philosophis
784 4269 923 4333 doctrinis
946 4268 1042 4329 locum
1066 4266 1252 4328 concessisse
