2834 4988
134 391 171 436 vr
320 448 325 459 ι
397 278 460 439 hc
564 378 819 438 PRAEFATIO

136 542 298 626 Delrio,
332 543 581 625 Scriuerius,
610 541 798 627 Vossius,
829 567 947 632 nuper,
981 544 1042 612 hoc
1071 556 1122 612 est
1150 548 1250 612 trium

108 663 207 727 *fere
234 663 438 729 saeculorum
468 660 657 744 interuallo,
692 661 868 731 Bothisis
898 666 1077 733 studiosam
1106 667 1164 731 sed
1193 690 1249 755 pa-

136 805 208 846 rum
237 805 257 846 a
285 782 350 847 fide
378 790 411 847 et
438 802 645 845 numerorum
673 780 821 847 doctrina
848 783 1017 849 subtiliore
1046 787 1250 851 commenda-

136 901 236 966 bilem
262 923 395 989 operam
421 899 649 985 adhibuerunt,
694 901 840 966 Annales
863 911 971 967 autem
992 903 1110 970 edendi
1138 927 1250 970 curam

138 1019 294 1085 Merula
316 1023 473 1108 suscepit,
500 1018 690 1105 ingeniosus
709 1002 871 1087 Batauus:
901 1023 960 1087 sed
982 1024 1118 1088 nimium
1144 1023 1250 1089 indul-

138 1163 219 1224 gens
241 1140 374 1225 ingenio
404 1163 466 1205 neo
493 1139 717 1206 emendatione
738 1139 862 1227 profuit
883 1142 1061 1227 insignius,
1090 1165 1151 1207 nec
1179 1142 1249 1207 feli-

138 1259 208 1323 cius
230 1258 506 1345 fragmentorum,
529 1261 821 1348 quampraecipue
844 1259 978 1347 agebat,
1004 1261 1250 1350 dispositionem

138 1377 290 1445 instituit.
335 1376 400 1459 Qui
428 1400 470 1442 ne
499 1380 668 1469 perspexit
694 1379 841 1468 quidem,
871 1401 952 1467 quos
973 1381 1056 1446 fines
1077 1380 1154 1447 huic
1176 1403 1250 1447 con-

138 1495 287 1563 iecturali
314 1498 441 1565 critices
467 1499 582 1586 generi
615 1499 687 1586 ipsa
714 1506 831 1564 natura
859 1521 969 1565 rerum
999 1499 1176 1587 praefigat:
1217 1502 1251 1565 in

139 1638 203 1704 quo
221 1639 343 1705 genere
362 1616 547 1683 hariolandi
568 1640 607 1683 ac
622 1627 744 1685 temere
766 1618 924 1706 opinandi
943 1618 1075 1685 uberior
1087 1620 1250 1702 materies,

140 1710 314 1802 seueritate
347 1736 597 1824 argumentandi
625 1746 681 1802 aut
708 1738 871 1804 rationum
897 1739 1092 1805 necessitate
1118 1738 1250 1826 probari

139 1877 244 1943 pauca
274 1856 411 1943 possint.
461 1856 557 1923 Vnde
580 1856 740 1923 Merulam
769 1879 839 1929 non
867 1879 942 1925 eum
969 1857 1072 1924 fuisse
1107 1866 1248 1946 apparet,

141 1977 232 2043 cuius
258 1975 433 2063 praecipue
454 1973 604 2061 uestigiis
623 1976 729 2047 editor
749 1975 917 2041 annalium
940 1977 1102 2043 recentior
1124 1974 1247 2040 insiste-

140 2103 206 2161 ret:
240 2103 273 2159 et
299 2102 409 2161 tamen
438 2095 508 2161 eius
538 2096 725 2162 auctoritati
753 2118 788 2161 se
816 2095 959 2182 addixit,
991 2097 1047 2184 qui
1074 2095 1250 2161 nouissime

140 2213 274 2280 annales
302 2212 467 2301 Lipsiae
497 2214 615 2299 edidit,
647 2216 705 2280 sed
732 2216 778 2280 ita
806 2196 925 2299 edidit,
957 2215 1027 2281 fere
1048 2223 1085 2279 ut
1105 2213 1253 2278 Merulae

139 2334 258 2402 librum
279 2332 529 2399 exscribendum
549 2335 656 2423 operis
677 2334 852 2401 tradidisse
872 2335 1049 2400 uideretur.
1093 2331 1252 2418 Propriae

141 2452 204 2517 sibi
235 2453 319 2517 dotis
346 2450 408 2515 hoc
435 2460 544 2516 tamen
572 2453 677 2520 editor
704 2454 887 2540 Lipsiensis
912 2450 1026 2533 habet,
1054 2449 1143 2538 quod
1169 2472 1252 2536 eam,

58 2661 62 2670 .
139 2595 223 2663 quae
244 2569 287 2637 ab
310 2569 438 2635 Merula
457 2570 595 2658 prodiit,
624 2574 871 2662 dispositionem
891 2569 1057 2637 annalium
1079 2569 1253 2657 suppleuit,

74 2718 88 2747 r
138 2701 229 2758 tanto
251 2693 287 2755 ni
309 2691 427 2757 mirum
447 2712 616 2777 successu,
645 2694 705 2759 uix
725 2702 761 2758 ut
780 2692 842 2759 ulli
865 2690 1004 2756 frustulo
1029 2690 1195 2753 minutiori
1219 2691 1253 2754 in

139 2820 267 2879 retexta
293 2810 447 2876 carminis
473 2810 540 2876 tela
568 2813 680 2878 sedem
707 2835 774 2879 non
804 2811 1012 2879 concederet:
1049 2811 1143 2896 quasi
1172 2810 1252 2894 eius,

139 2934 195 3024 qui
218 2930 380 3020 deperditi
406 2932 574 3018 scriptoris
595 2932 780 3018 fragmenta
800 2931 883 3014 edit,
912 2929 994 2995 haec
1014 2929 1058 2994 sit
1077 2930 1255 3017 praecipua

138 3053 227 3136 laus,
243 3073 292 3125 ¹ne
313 3049 393 3137 quid
410 3050 570 3117 incertum
594 3050 659 3115 sibi
679 3060 736 3116 aut
757 3050 933 3118 obscurum
953 3038 1104 3115 fateatur.

223 3171 338 3258 Itaque
352 3168 485 3256 patebat
497 3168 594 3255 haec,
617 3171 652 3235 in
673 3192 738 3259 qua
759 3193 832 3235 cum
855 3169 965 3235 fructu
984 3169 1166 3234 litterarum
1187 3191 1253 3234 non

139 3290 231 3356 tenui
258 3288 426 3366 elaborare
455 3289 630 3374 uidereris,
663 3290 849 3377 prouincia:
880 3288 940 3354 sed
967 3311 1039 3353 eam
1067 3288 1124 3353 diu
1154 3289 1251 3355 desti-

139 3419 242 3477 tutam
272 3408 383 3473 nescio
417 3429 480 3494 quo
513 3417 611 3503 pacto
644 3428 739 3472 nemo
768 3406 924 3472 obtinuit:
959 3429 1021 3472 nec
1049 3430 1111 3493 ego
1137 3415 1174 3472 ut
1200 3428 1252 3471 ac·

140 3528 310 3612 cesserim,
359 3526 422 3592 hoc
459 3519 531 3591 meo
571 3525 675 3613 libero
713 3525 849 3591 consilio
886 3526 1026 3611 factum,
1067 3536 1123 3594 aut
1165 3526 1254 3614 quod

141 3670 213 3712 mea
235 3669 287 3712 me
314 3645 422 3711 studia
446 3644 532 3711 ultro
556 3646 591 3710 in
618 3645 705 3711 hunc
726 3647 869 3711 maxime
896 3669 1047 3734 campum
1069 3648 1252 3713 duxissent.

140 3767 223 3836 (lum
250 3767 336 3831 enim
360 3765 552 3829 deuersarer
575 3765 609 3829 in
630 3765 727 3850 longe
761 3764 826 3829 alia
858 3766 1039 3832 litterarum
1068 3775 1254 3831 nostrarum

138 3889 288 3972 regione,
330 3892 484 3949 autumno
515 3884 594 3949 anni
625 3882 835 3960 cmmcssffl
866 3886 946 3953 ordo
986 3885 1253 3972 philosophorum

139 4004 323 4069 Bonnensis
351 4004 392 4068 de
419 4004 527 4070 Ennio
555 4004 649 4070 iussit
676 4009 722 4072 ita
752 4008 888 4090 certari,
920 4015 957 4071 ut
986 4006 1184 4094 ‘praemissa
1211 4007 1252 4100 de

139 4133 254 4213 poetae
281 4124 368 4207 uita,
407 4131 477 4187 arte
512 4132 544 4187 et
572 4126 702 4213 scriptis
737 4125 955 4216 disputatione
986 4125 1055 4195 eius
1086 4125 1252 4190 annalium

139 4244 324 4330 fragmenta
351 4241 577 4325 emendentur,
613 4245 841 4334 disponantur,
878 4244 1115 4311 inlustremur:
1160 4244 1252 4308 Adli-

141 4366 247 4437 ciente
273 4360 472 4456 quaestionis
497 4364 619 4451 gratia,
647 4387 730 4453 quae
757 4364 838 4431 mihi
865 4363 1054 4448 uidebatur,
1090 4371 1123 4429 et
1145 4363 1253 4430 laudis
