2834 4988
599 390 828 446 ENNIANAE
1190 398 1261 445 XLV

150 559 216 636 gius
240 557 380 617 excussit.
432 555 491 616 Sed
519 556 543 613 is
572 555 649 633 quod
677 555 790 614 nimium
819 556 946 614 conlisus
969 552 1119 613 llacrobio
1148 556 1175 614 in
1207 555 1261 616 Vll

150 666 246 726 annali
268 682 370 724 uersus
393 662 544 741 adposuit,
568 679 626 721 non
654 662 751 723 laudo.
793 660 865 721 Nam
890 671 920 721 ut
946 668 1034 740 poeta
1064 661 1091 720 in
1119 679 1156 721 eo
1184 660 1259 721 libro

149 782 272 852 praeter
305 771 441 831 Punicum
475 766 584 828 bellum
611 769 698 828 etiam
733 768 863 829 Gallicos
894 767 1050 843 tumultus,
1084 767 1120 827 de
1157 767 1260 845 quibus

149 875 289 951 Polybius
313 886 410 936 narrat
429 875 456 936 ll
475 874 515 936 23
537 893 623 954 squ,
651 877 798 953 tetigerit,
825 884 921 935 tamen
943 893 1027 953 quam
1050 875 1078 934 in
1105 873 1157 933 illo
1179 874 1259 934 bello

149 980 225 1042 Galli
247 981 424 1041 obtinuerint
443 999 540 1042 arcem
556 1000 614 1059 ego
628 983 736 1042 nullam
751 984 877 1042 inuenio.
916 981 979 1055 Qua
1000 999 1033 1041 re
1050 980 1144 1040 lenem
1160 1000 1260 1041 emen-

148 1088 295 1148 dationem
307 1091 418 1149 numeri
434 1088 559 1150 adhibeo
576 1096 605 1148 et
621 1106 638 1146 e
654 1087 708 1148 Vll
725 1089 752 1146 in
768 1087 823 1149 llll
839 1087 984 1148 translatis
999 1087 1132 1146 uersibus
1149 1088 1260 1148 Romae

148 1213 248 1255 arcem
278 1213 294 1254 a
318 1194 407 1256 Gallis
430 1215 455 1261 a.
480 1215 507 1256 u.
535 1212 560 1254 c.
585 1194 646 1254 365
669 1204 841 1274 occupatam
862 1195 1019 1272 significari
1045 1203 1150 1254 statuo.
1197 1195 1261 1254 Nec

148 1300 247 1362 obstat
273 1301 443 1378 admodum,
468 1301 545 1380 qood
568 1299 677 1360 Ennius
702 1304 825 1361 seorsim
855 1300 973 1361 abicio
996 1301 1177 1378 aliorumque
1199 1318 1259 1359 me-

147 1411 239 1469 moria
262 1410 369 1487 uigiles
391 1406 427 1469 ab
450 1407 674 1467 ascendentibus
691 1405 864 1486 Capitolium
887 1407 977 1469 Gallis
997 1407 1142 1467 cruentari
1164 1405 1259 1466 tradit.

148 1515 263 1595 Nempe
295 1515 352 1577 boc
379 1517 446 1576 leue
466 1524 528 1591 est,
556 1523 644 1591 atque
667 1516 739 1574 alias
761 1515 915 1593 grauiores
937 1530 953 1572 a
973 1514 1081 1573 ceteris
1100 1512 1184 1572 Ennii
1205 1512 1258 1572 dif-

145 1622 289 1681 ieremias
317 1623 385 1682 alibi
415 1622 572 1699 tetigimus.
633 1619 766 1702 Denique
795 1623 957 1698 fragmenta
987 1621 1096 1681 incerta
1126 1621 1191 1680 dum
1221 1620 1258 1681 de

146 1727 205 1788 boc
226 1728 302 1788 libro
322 1731 457 1804 excutio,
481 1727 538 1787 duo
561 1727 729 1803 obtigerunt
753 1728 825 1806 (inc.
848 1728 911 1788 sed.
928 1725 996 1787 Xlll
1013 1737 1042 1786 et
1058 1727 1159 1807 xlv),
1183 1745 1258 1805 quae

145 1835 182 1894 ad
211 1835 286 1896 banc
312 1835 423 1898 Romae
448 1833 651 1894 obsessionem
681 1844 872 1902 reuocentnr;
915 1851 1037 1912 quorum
1064 1834 1135 1894 illud
1164 1835 1258 1894 editor

144 1938 307 2018 Lipsiensis
333 1944 425 2003 sensit
442 1941 496 2001 bac
520 1941 677 2000 occasione
700 1950 767 2019 apte
790 1942 920 2019 potuisse
944 1941 1055 2014 efferri,
1081 1950 1184 2018 quarto
1208 1942 1257 2000 de-

145 2047 222 2105 cimo
252 2055 348 2107 autem
375 2047 519 2125 llbergius
550 2047 641 2106 uoluit
669 2045 820 2106 Camillum
849 2056 961 2126 patrem
991 2047 1161 2122 designari;
1200 2064 1258 2105 noo

144 2153 260 2232 inepte:
295 2171 466 2234 quamquam
496 2153 636 2213 lubricum
665 2163 710 2212 est
733 2153 866 2214 iudicium
890 2155 927 2214 de
951 2171 1055 2228 uersu,
1089 2170 1174 2230 qoem
1200 2170 1257 2230 ego

143 2260 265 2319 multum
286 2259 371 2320 abest
392 2269 422 2320 ut
443 2261 498 2320 iarn
521 2268 729 2338 perpurgatum
752 2261 884 2322 babeam.

231 2367 353 2446 Septem
371 2385 525 2442 uersuum,
549 2367 598 2444 qui
620 2384 694 2425 nunc
717 2369 876 2447 quintum
901 2367 1066 2429 annalem
1091 2365 1256 2441 conficiunt,

144 2478 282 2550 quattuor
306 2473 476 2534 adferuntur
503 2490 520 2531 e
543 2473 660 2550 quinto,
693 2474 745 2533 sed
776 2475 802 2533 ei
834 2476 872 2535 ita
902 2474 1078 2553 comparati,
1110 2480 1140 2530 nt
1167 2488 1257 2547 aegre

144 2577 183 2636 de
215 2578 279 2637 eius
305 2578 371 2639 libri
397 2589 568 2657 argumento
598 2580 794 2639 coniecturam
824 2583 975 2659 patiantur.
1021 2580 1060 2638 At
1082 2578 1139 2638 boc
1160 2595 1256 2636 rerum

144 2682 247 2742 ordine
276 2684 469 2763 aequabiliter
497 2685 705 2764 progrediente
734 2686 889 2763 suadetur,
921 2706 985 2747 eom
1008 2685 1110 2746 librum
1133 2686 1256 2743 maxime

145 2791 173 2848 in
189 2792 400 2852 Samniticis
425 2792 542 2854 bellis
564 2801 710 2852 uersatum
726 2792 828 2852 luisse.
859 2792 943 2854 Vnde
960 2793 1070 2853 certior
1084 2790 1173 2850 sedes
1190 2790 1257 2849 buic

144 2898 243 2955 uersui
266 2899 423 2976 contingit,
452 2900 489 2960 de
509 2897 698 2972 Samnitibus,
730 2906 760 2956 nt
778 2898 857 2959 Acro
884 2902 912 2959 in
934 2901 1005 2960 Hor.
1029 2898 1086 2977 Ep.
1107 2896 1132 2956 ll
1155 2896 1190 2973 2,
1215 2897 1255 2957 97

143 3013 258 3080 monet,
289 3005 367 3065 elato
398 3009 495 3066 bellum
522 3011 618 3082 aequis
644 3009 771 3064 monibus
797 3028 856 3067 nox
877 3014 1036 3083 intempesto
1057 3008 1165 3063 diremit
1185 3000 1255 3080 (ll).

144 3110 228 3184 Quae
255 3130 304 3171 res
333 3112 500 3172 inlustratur
529 3128 545 3170 a
568 3109 648 3170 Liuio
670 3109 741 3187 (vll
763 3110 837 3192 33),
871 3111 909 3171 ibi
928 3111 976 3170 obi
998 3111 1035 3170 de
1058 3109 1151 3188 primo
1174 3104 1255 3165 bello

144 3216 301 3279 Samnitico
328 3219 397 3280 dicit
419 3225 511 3295 itnqne
529 3221 665 3291 Romani,
691 3238 753 3278 cnm
776 3228 802 3278 et
816 3224 906 3294 fluere
925 3225 981 3277 iam
1003 3221 1161 3276 lassitudine
1180 3221 1257 3276 uires

143 3332 280 3386 sentirent
300 3336 328 3386 et
352 3331 407 3386 diei
430 3328 508 3384 band
533 3329 646 3384 muttum
667 3344 849 3401 superesse,
874 3330 986 3385 accensi
1004 3330 1050 3383 irc
1071 3329 1208 3382 concitant
1226 3342 1257 3383 se

144 3437 172 3490 in
192 3436 305 3493 bostem.
326 3444 382 3493 tuan
398 3438 521 3508 primum
542 3436 650 3507 referri
663 3436 764 3508 pedem
783 3443 865 3506 atque
885 3433 1016 3488 inclinari
1035 3448 1095 3488 rent
1115 3435 1144 3488 in
1157 3431 1256 3506 fugam

144 3545 294 3614 apparant,-
322 3549 377 3600 tam
402 3544 483 3613 capi,
511 3541 599 3596 occidi
621 3541 745 3607 Somnum
771 3560 823 3600 nec
848 3555 935 3611 super
960 3537 1081 3611 fuissent
1100 3544 1191 3610 multi,
1219 3545 1258 3597 ni

144 3666 216 3705 non
238 3651 430 3706 uictoriam
451 3650 563 3719 magis
584 3665 684 3720 quom
701 3653 883 3721 proelium
902 3645 1120 3704 diremisset.
1145 3644 1204 3705 Sed
1218 3662 1255 3703 ne

144 3751 321 3830 sicquidem
337 3752 408 3810 satis
425 3751 606 3812 confidenter
622 3771 704 3812 suum
721 3752 788 3813 huic
809 3755 905 3813 uersui
924 3750 1021 3811 locum
1034 3752 1174 3829 adsigno:
1196 3769 1254 3810 non

144 3859 235 3916 minus
257 3858 334 3916 enim
357 3860 384 3917 ei
408 3859 451 3917 rei
473 3861 608 3918 conuenit
631 3860 722 3921 altera
750 3860 880 3920 eiusdem
907 3857 979 3917 Liuii
1007 3859 1044 3919 de
1066 3861 1152 3919 tertio
1175 3858 1254 3918 bello

143 3965 310 4024 Samnitium
322 3966 448 4024 narratio
462 3965 504 4043 (X
518 3965 589 4046 12):
606 3977 758 4043 pnpnotnm
772 3971 877 4024 maiore
887 3977 971 4040 porte
982 3972 1036 4025 diei
1047 3987 1148 4043 magna
1159 3973 1254 4026 utrici-

144 4090 195 4145 pne
213 4075 314 4130 ccede:
343 4093 413 4132 nox
432 4079 599 4147 incertis,
632 4096 700 4150 qnn
723 4079 804 4132 dato
826 4080 987 4133 stietorio
1012 4085 1122 4146 esset,
1145 4080 1253 4132 inter-

145 4184 250 4237 uenit.
267 4210 271 4219 ·
318 4177 419 4238 Rebus
432 4180 595 4240 Samniticis
607 4181 695 4238 inseri
707 4181 792 4239 etiam
804 4180 924 4257 primum
939 4179 1021 4239 liuius
1033 4179 1096 4239 libri
1109 4179 1253 4255 lragmen·

145 4289 198 4342 tum
210 4283 337 4344 uidetur.
363 4283 428 4358 Quo
441 4302 516 4362 ego,
532 4285 648 4347 iouente
663 4287 824 4345 sententiae
843 4285 923 4345 Liuio
938 4284 992 4344 Vll
1006 4286 1054 4360 to,
1073 4285 1106 4343 Τ.
1120 4283 1254 4343 Manlium
