2834 4988
208 379 317 430 LXXIV
612 369 924 438 QVAESTIONES

209 539 320 618 plorat:
352 556 424 612 quoe
448 555 491 594 me
510 539 626 611 fortuna
654 538 780 611 ferocem
809 539 947 595 Contudit.-
975 539 1085 612 iudiqno
1111 538 1180 595 bello
1203 540 1315 612 confecit

209 651 308 707 acerbo
332 642 441 721 (Vlll).

295 751 469 823 Quintum
497 746 675 805 decimum
704 746 878 806 annalem
909 746 978 805 olim
1007 747 1187 809 intellectum
1217 761 1261 810 est
1289 753 1314 810 in

211 861 309 938 primis
327 856 459 915 Fuluio
482 851 678 912 Nobiliori
698 852 821 912 dicatum
844 872 930 928 esse.
970 853 1058 914 Cuius
1080 854 1134 912 uiri
1156 854 1204 915 hic
1230 864 1314 935 poeta
1336 932 1339 936 Α

212 966 334 1026 amicitia
358 961 507 1022 fruebatur
523 978 645 1038 eumque
665 960 693 1017 in
710 958 854 1019 Aetoliam
871 963 1023 1021 comitatus
1047 970 1092 1021 est
1107 978 1164 1019 non
1179 962 1315 1024 militandi

212 1090 318 1147 causa,
338 1079 368 1129 ut
381 1067 487 1128 Cicero
507 1070 546 1127 ait
557 1066 636 1125 Bruti
656 1065 705 1143 20,
720 1067 760 1126 79
779 1076 808 1126 et
831 1086 884 1146 pro
898 1068 1005 1128 Archia
1026 1068 1075 1145 ll,
1097 1067 1149 1145 27,
1169 1070 1224 1130 sed
1242 1070 1317 1151 quod

212 1177 329 1238 Fuluius
350 1174 494 1252 ingeniosi
517 1180 624 1250 poetae
647 1176 795 1234 consortio
817 1194 854 1235 ne
870 1177 945 1234 inter
959 1173 1082 1235 bellicas
1098 1175 1215 1253 quidem
1231 1194 1317 1238 occu·

212 1287 345 1363 potiones
369 1300 471 1342 carere
490 1280 591 1339 uoluit.
615 1278 719 1358 Neque
742 1289 836 1340 tamen
858 1282 885 1341 id
911 1281 1029 1342 Catonis
1051 1283 1225 1361 uituperium
1249 1284 1318 1344 edo·

211 1393 263 1467 git,
281 1393 328 1467 qni
347 1398 421 1448 teste
436 1386 581 1446 Cicerone
595 1385 699 1464 (Tusc.
716 1387 790 1465 disp.
811 1386 868 1466 12)
885 1390 912 1446 in
925 1391 1057 1449 oratione
1075 1400 1176 1450 contra
1189 1388 1320 1449 Fuluium

211 1497 307 1556 habita
324 1495 378 1572 (cl.
396 1494 523 1553 Ritterus
535 1491 657 1570 prem.
676 1494 764 1571 antiq.
777 1492 902 1554 Darmst.
917 1515 942 1555 a.
964 1497 1043 1558 1840
1063 1515 1091 1575 p.
1105 1495 1183 1576 381)
1203 1496 1319 1575 publice

210 1623 274 1663 enm
290 1602 367 1681 quod
391 1609 495 1679 poetas
518 1600 648 1659 duxisset
666 1601 694 1657 in
714 1601 892 1678 prouinciam
915 1604 1112 1682 reprehendit.
1151 1603 1190 1662 At
1212 1602 1318 1662 Ennius

211 1712 303 1770 amico
323 1728 387 1785 suo,
407 1709 453 1768 cui
476 1709 560 1767 etiam
579 1710 722 1767 ciuitatem
737 1707 893 1769 Romanam
916 1719 1067 1788 acceptam
1090 1709 1256 1786 referebat,
1279 1711 1317 1769 in·

211 1817 347 1894 signieris
364 1814 456 1875 laudis
472 1825 684 1875 monumentum
702 1817 728 1874 in
742 1815 892 1874 annalibus
910 1820 1015 1895 posuit.
1061 1816 1103 1876 lta
1120 1818 1197 1875 enim
1214 1813 1318 1876 Cicero

211 1941 264 2001 pro
278 1923 385 1982 Archia
406 1922 436 1998 9,
461 1921 515 1982 22:
537 1935 567 1982 ut
581 1930 620 1981 cis
635 1926 761 1981 laudibus
773 1934 922 1982 ccrtcmou
943 1927 1029 1981 solum
1049 1927 1109 1997 ipse
1127 1929 1175 1999 qui
1189 1928 1319 1983 laudatur

210 2036 261 2090 scd
276 2038 356 2104 cticqu
372 2037 474 2105 populi
485 2035 606 2090 Romani
627 2048 724 2088 iiomeu
744 2039 870 2088 ornatur.
914 2031 950 2087 Iu
974 2033 1081 2087 coelum
1100 2032 1182 2088 buius
1192 2048 1320 2104 proauus

213 2143 277 2198 Coto
297 2143 414 2197 tollitur.-
443 2155 560 2212 meones
582 2138 667 2194 bonos
681 2141 780 2210 popirli
801 2140 922 2195 Romani
942 2140 1023 2194 rebus
1044 2139 1211 2212 odiuuqitur.
1259 2138 1315 2195 Om-

210 2262 259 2302 nes
281 2247 396 2318 denique
423 2249 464 2302 illi
479 2247 613 2316 Maximi,
642 2246 785 2320 Marcelli,
813 2247 909 2302 Fuluii
936 2263 991 2301 nou
1018 2249 1078 2301 sinc
1105 2248 1244 2302 communi
1266 2263 1316 2302 om·

211 2356 285 2408 uiion
314 2357 437 2409 nostrum
474 2357 555 2411 lctudc
590 2355 768 2409 decorantur.
820 2355 896 2425 Erqo
923 2354 998 2408 illum
1026 2355 1075 2425 qui
1104 2353 1175 2408 baec
1206 2352 1320 2425 fecerat,

212 2460 352 2515 Rudinum
371 2461 505 2514 bominem
527 2475 554 2514 e.
574 2473 602 2532 q.
624 2474 659 2530 s,
683 2464 712 2513 et
729 2455 864 2516 Aurelius
881 2456 985 2515 Victor
1003 2455 1038 2514 de
1062 2456 1131 2514 uiris
1154 2454 1320 2514 inlustribus
1339 2496 1342 2501 -

212 2561 268 2620 52:
293 2560 347 2639 (bl.
372 2561 506 2640 Fuluius)
535 2568 631 2622 consul
651 2567 759 2622 Aetolos
788 2607 794 2621 .
819 2607 826 2621 .
850 2608 856 2620 .
879 2568 996 2637 proeliis
1024 2566 1216 2639 frequentibus
1237 2568 1320 2622 uictos

212 2680 237 2728 et
262 2675 291 2727 iu
319 2673 496 2728 Ambracium
524 2673 655 2743 oppidum
683 2681 792 2729 coactos
821 2677 849 2728 io
875 2674 1036 2728 deditionem
1067 2674 1201 2744 occepit.
1228 2712 1235 2727 .
1258 2713 1264 2726 .
1288 2673 1320 2728 dc

211 2778 307 2850 quibus
336 2779 528 2850 triumphauit:
565 2797 665 2852 quom
693 2780 884 2833 uictoriam
912 2795 979 2850 per
1012 2794 1049 2834 oc
1085 2781 1333 2852 moqnisicum,

213 2887 245 2955 Q.
277 2888 413 2942 Ennius
439 2889 575 2942 nimicus
602 2887 680 2941 cius
706 2887 844 2957 insipat
871 2887 977 2942 leude
1006 2886 1224 2943 celebrauit.
1276 2884 1320 2945 nd

212 2990 285 3049 banc
307 2998 417 3065 autern,
447 3007 522 3065 quae
545 3006 641 3047 rerum
671 3008 687 3048 a
709 2987 811 3046 Fuluio
837 2997 985 3063 gestarum
1009 2989 1237 3049 luculentissima
1258 2991 1320 3066 luit,

212 3097 392 3157 obsidionem
412 3097 596 3172 Ambraciae,
620 3096 656 3156 de
679 3113 734 3172 qua
756 3096 802 3155 adi
820 3094 928 3153 Liuium
949 3094 1101 3156 XXXVlll
1122 3095 1252 3173 3-11,
1277 3116 1320 3156 re·

213 3205 277 3264 lero
302 3223 377 3282 quae
411 3205 445 3263 ad
476 3204 551 3263 bunc
582 3203 713 3263 annalem
737 3203 859 3279 ascripsi
889 3201 1050 3278 fragmenta
1080 3205 1174 3262 omnia
1202 3214 1320 3282 praeter

213 3315 350 3390 quintum,
367 3312 477 3389 dequo
494 3311 661 3389 quaerendo
681 3307 751 3367 nibil
768 3308 950 3383 inuestigaui.
996 3308 1041 3367 Ac
1061 3309 1125 3369 del
1146 3319 1176 3369 et
1194 3310 1220 3370 ll
1243 3311 1319 3388 frag·

213 3420 315 3477 mentis
330 3418 401 3477 Liuii
425 3434 509 3493 qnam
531 3416 692 3492 significaui
714 3414 840 3473 narratio
858 3413 989 3472 dubitare
1012 3431 1069 3472 oon
1087 3417 1163 3476 sinit.
1209 3417 1254 3478 De
1269 3417 1319 3493 lll,

215 3543 231 3583 a
255 3540 311 3600 qno
332 3523 372 3582 lV
393 3531 423 3581 nt
446 3522 518 3581 inira
542 3521 634 3580 dicam
657 3539 714 3579 non
737 3520 825 3580 debet
848 3518 964 3594 diuelli,
986 3539 1035 3579 res
1060 3529 1106 3579 est
1122 3539 1159 3582 eo
1181 3525 1322 3583 incertior

215 3628 291 3707 qnod
314 3627 491 3702 Histrorum,
522 3644 595 3705 quos
618 3626 782 3687 Macrobius
806 3628 866 3686 Sat.
890 3625 929 3684 Vl
953 3624 972 3683 2
993 3644 1022 3704 p.
1046 3627 1107 3686 514
1129 3631 1193 3690 lan.
1214 3629 1320 3706 adfert,

213 3755 309 3814 neque
325 3737 352 3793 in
369 3736 430 3793 eius
447 3734 759 3812 urbisoppugnatione
780 3751 835 3791 nec
853 3735 967 3792 omnino
986 3735 1013 3791 in
1030 3733 1086 3793 boc
1102 3731 1197 3792 annali
1213 3733 1319 3791 mentio

98 3888 103 3898 .
214 3862 281 3901 esse
310 3843 412 3920 potuit.
458 3841 496 3900 At
524 3860 587 3900 cum
613 3861 661 3901 res
687 3842 750 3918 ipsa
769 3857 854 3917 quam
876 3837 1042 3898 Macrobius
1073 3839 1164 3898 relert
1187 3855 1321 3916 quaeque

215 3949 326 4027 planius
351 3967 367 4007 e
388 3947 521 4023 Vergilio
546 3948 636 4025 (den.
661 3946 702 4006 lX
729 3942 805 4025 672)
828 3944 979 4024 dispicitur
1000 3945 1129 4022 adprime
1149 3944 1178 4001 in
1199 3943 1320 4003 Ambra·

215 4056 278 4114 cine
301 4053 482 4113 obsidionem
505 4057 658 4114 conueniat
688 4052 744 4130 (cl.
766 4051 861 4110 Liuius
885 4051 904 4110 l.
928 4052 947 4110 l.
972 4052 1008 4127 6,
1034 4052 1087 4111 nisi
1111 4049 1189 4128 quod
1217 4048 1256 4109 ibi
1280 4051 1321 4107 ni·

213 4161 252 4221 bil
281 4160 317 4219 de
345 4160 484 4236 singulari
515 4160 635 4220 duorum
668 4159 858 4236 eruptione),
889 4176 1037 4217 numerum
1071 4156 1187 4236 quidem
1217 4154 1321 4216 libria

212 4266 363 4327 Macrobio
381 4266 505 4327 adlatum
525 4286 624 4327 uerum
646 4257 787 4340 arbitror,
817 4282 947 4324 errorem
971 4272 1065 4323 autem
1087 4263 1177 4341 ipsius
1199 4269 1321 4340 utputo
1380 4350 1384 4358 Ι
