2834 4988
575 401 818 473 Rullovrau
1208 402 1251 468 35

240 569 322 641 Cum
340 592 449 664 neque
467 571 637 640 Musarum
656 572 815 663 scopulos
839 573 1012 667 quisquam
1033 582 1206 666 superarat

240 676 307 745 Nec
330 675 406 745 dicti
429 676 601 745 studiosus
624 678 695 744 erat

565 809 582 846 a
806 810 823 847 a

684 867 701 904 a

654 966 730 1032 ante
749 963 837 1033 hunc

568 1115 584 1151 a
669 1097 673 1105 '
811 1115 827 1151 a

688 1173 705 1210 a

240 1269 309 1338 Nos
329 1266 402 1337 ausi
424 1288 574 1338 reserare

238 1490 306 1558 Nec
330 1490 506 1582 quisquam
524 1489 674 1581 sophiam
695 1489 857 1580 sapientia
880 1511 965 1583 quae
984 1489 1174 1580 perhibetur

238 1593 275 1661 ln
295 1593 422 1662 somnis
442 1593 524 1662 uidit
543 1595 636 1684 prius
652 1616 751 1686 quam
770 1616 842 1662 sam
862 1594 989 1662 discere
1011 1593 1129 1682 coepit.

137 1792 258 1842 Faunis
280 1803 430 1844 annumerat
442 1795 539 1844 Ennius
561 1794 657 1844 bellum
672 1794 795 1844 Punicum
817 1795 890 1857 quasi
913 1793 1025 1858 Myronis
1044 1808 1109 1858 opus
1131 1792 1248 1843 delectat.

138 1862 176 1910 Sit
190 1863 286 1912 Ennius
302 1879 363 1913 sane
378 1874 405 1912 ut
418 1873 456 1913 est
471 1873 538 1913 certe
554 1863 706 1929 perfectior:
727 1866 769 1925 qui
788 1865 811 1912 si
826 1864 898 1912 illum
912 1872 939 1910 ut
953 1863 1056 1912 simulat
1070 1872 1249 1922 contemneret,

136 1945 186 1980 non
205 1935 290 1982 omnia
303 1933 372 1983 bella
385 1949 542 1999 persequens
557 1935 668 1999 primum
688 1933 752 1982 illud
768 1934 891 1982 Punicum
906 1934 1059 1982 acerrimum
1073 1933 1169 1982 bellurn
1191 1932 1251 1983 reli-

137 2002 241 2062 quisset.
274 2001 326 2051 Sed
339 2005 396 2067 ipse
410 2004 472 2053 dicit
485 2020 530 2052 cur
542 2003 569 2053 id
584 2002 674 2053 iaciat:
699 2003 866 2067 scripsere
885 2003 966 2063 iuquit
982 2002 1046 2050 alii
1062 2017 1127 2050 rem
1140 2002 1251 2051 uorsi-

136 2069 207 2119 bus:
232 2081 256 2120 et
271 2072 396 2122 luculente
411 2073 514 2134 quidem
534 2074 692 2137 scripserunt
710 2073 827 2122 etiam-si
846 2073 930 2120 miuus
950 2086 1025 2133 quam
1040 2080 1066 2118 tu
1082 2070 1176 2135 polite:
1204 2085 1251 2120 uec

135 2154 196 2189 uero
216 2142 263 2190 tihi
281 2142 354 2191 aliter
373 2142 456 2192 uideri
475 2143 565 2201 dehet,
591 2143 635 2204 qui
653 2139 776 2190 aNaeuio
795 2141 837 2190 uel
857 2142 990 2205 sumpsisti
1010 2140 1090 2189 multa
1108 2142 1131 2189 si
1151 2139 1250 2200 lateris,

136 2209 178 2258 uel
200 2211 223 2258 si
244 2225 324 2277 negas
346 2213 511 2276 surripuisti.’
551 2211 622 2261 ldem
642 2210 712 2261 Orat.
733 2212 777 2271 47,
801 2211 851 2262 lbi
874 2213 934 2260 ‘nec
955 2224 1017 2259 uero
1043 2209 1251 2274 reprehenderim

136 2281 304 2343 scripsere
321 2280 381 2329 alii
401 2296 480 2339 rem;
506 2282 664 2346 scripserunt
682 2295 739 2329 esse
758 2281 845 2329 uerius
863 2281 963 2329 sentio)
993 2279 1063 2329 ldem
1076 2279 1146 2328 Brut.
1165 2277 1206 2340 18,
1217 2279 1250 2328 71

137 2348 234 2410 ‘quid‘t
256 2351 338 2398 nostri
350 2358 450 2400 ueteres
466 2365 556 2399 uersus
570 2350 614 2400 ubi
633 2350 712 2399 suntl
735 2364 814 2412 quos
835 2349 910 2399 olim
998 2359 1071 2398 aute
1089 2349 1191 2408 huuc,
1216 2347 1252 2397 ait

136 2418 193 2482 ipse
209 2417 242 2467 de
261 2433 303 2478 se,
327 2432 374 2469 nec
388 2420 508 2468 mentitur
525 2420 551 2468 in
573 2419 726 2485 gloriando'
762 2419 832 2468 ldem
853 2417 921 2469 Orat.
943 2419 985 2479 51,
1002 2417 1050 2468 171
1073 2421 1150 2483 ‘ergo
1169 2417 1251 2467 Ennio

136 2486 208 2535 licuit
225 2496 314 2537 uetera
326 2489 496 2538 contemnenti
511 2489 612 2538 dicere:
633 2487 725 2554 [22ης
751 2488 814 2538 mihi
829 2488 861 2537 de
875 2488 987 2551 antiquis
1001 2487 1091 2538 eodem
1106 2486 1184 2537 modo
1200 2498 1252 2536 non

136 2555 243 2605 licebit?
266 2559 417 2622 praesertim
435 2573 493 2608 cum
507 2558 621 2607 dicturus
635 2571 686 2607 uon
704 2559 767 2606 sim:
787 2566 860 2606 ante
874 2557 973 2616 bunc,
994 2565 1021 2606 ut
1035 2555 1096 2617 ille;
1121 2570 1168 2625 nec
1187 2568 1253 2619 quae

136 2635 290 2688 sequuntur:
315 2641 375 2677 uos
394 2629 654 2678 ausireserare.’
682 2628 764 2677 Varro
778 2628 810 2677 de
823 2627 853 2677 L.
867 2626 896 2676 L.
912 2625 1055 2677 virson.
1084 2621 1253 2685 ‘u'esaihat

193 2697 366 2746 canebant.
399 2697 501 2747 Fauni
519 2697 561 2747 del
582 2697 746 2756 Latinorum,
768 2698 805 2746 lta
821 2705 848 2745 nt
869 2697 970 2746 Faunus
988 2695 1114 2746 etFauna
1131 2696 1181 2755 sit3
1203 2693 1254 2745 hoa

136 2765 254 2814 uersibus
273 2781 338 2828 quos
350 2767 443 2816 uocant
457 2766 590 2817 Saturnios
608 2768 635 2816 in
652 2766 814 2817 siluestribus
830 2767 894 2816 locis
911 2767 1032 2817 traditum
1046 2773 1085 2814 est
1098 2765 1188 2813 solitos
1202 2762 1253 2813 larl

136 2833 235 2894 lutura,
263 2849 279 2884 a
307 2851 358 2899 quo
386 2836 464 2886 lando
493 2837 594 2886 Faunos
623 2837 714 2886 dictos.
750 2836 876 2899 Antiquos
904 2839 994 2902 potitus
1021 2842 1112 2884 uates
1136 2832 1253 2899 appella-

136 2904 197 2952 haut
219 2919 235 2954 a
254 2906 373 2955 uersibus
393 2906 512 2955 uieudis.'
542 2908 682 2956 Varronem
704 2906 748 2973 (et
763 2906 864 2955 Festum
887 2921 913 2971 p.
934 2904 987 2956 325
1008 2901 1058 2967 n.)
1083 2902 1253 2968 expilaultla

137 2988 212 3035 quem
236 2973 296 3024 hinc
318 2974 423 3024 exulare
442 2975 513 3026 uolui
531 2976 641 3040 scriptor
659 2975 740 3025 libelli
759 2975 791 3026 (le
811 2975 910 3040 origiue
931 2973 1015 3041 gentis
1037 2972 1166 3022 Romanae
1187 2987 1210 3020 o.
1224 2972 1250 3020 4.

137 3042 226 3094 Cicero
245 3043 277 3093 de
294 3044 431 3106 diullio,
448 3045 498 3095 114
521 3044 629 3094 ‘eodem
647 3045 714 3094 enim
733 3045 809 3094 modo
824 3044 904 3093 multa
923 3060 939 3093 a
958 3041 1156 3092 uaticinantibus
1174 3055 1253 3105 saepe

137 3113 269 3178 praedicta
288 3122 347 3163 suut
364 3128 447 3177 neque
464 3114 547 3165 solum
567 3114 654 3163 uerbis
673 3114 810 3163 sedetiam
831 3113 988 3162 uersibus
1069 3109 1251 3159 canebant!

138 3181 308 3241 Quintilianus
321 3183 396 3244 1114,
412 3183 461 3235 115
485 3188 557 3233 ‘aute
572 3184 640 3233 enim
657 3197 758 3232 carmen
777 3189 859 3232 ortum
878 3190 916 3232 est
939 3195 1015 3244 quam
1033 3179 1177 3229 obseruatio
1196 3192 1253 3228 car-

137 3253 223 3301 minis.
257 3253 369 3317 Ideoque
388 3253 466 3303 illud:
492 3254 571 3303 Fauni
591 3260 715 3314 uatesque
733 3252 875 3301 canebant’
947 3252 969 3300 ll
996 3249 1086 3298 Festus
1106 3264 1133 3314 p.
1148 3248 1199 3300 325
1215 3246 1249 3297 Μ.

138 3325 212 3371 ‘sas
224 3323 332 3372 Verrius
351 3331 423 3388 putat
440 3321 585 3388 significare
600 3336 644 3371 eas
657 3329 721 3372 teste
735 3321 816 3371 Ennio
829 3321 873 3383 qui
886 3321 949 3370 dicit
969 3321 995 3368 ia
1017 3318 1033 3367 l.
1049 3319 1075 3367 1:
1101 3316 1169 3384 [LX]
1194 3330 1253 3366 cam

138 3405 198 3441 suas
223 3393 307 3458 magis
324 3392 442 3442 uideatur
460 3392 614 3458 significare.
635 3391 682 3441 sed
694 3392 782 3454 atique
796 3390 910 3440 eiusdem
924 3389 941 3438 l.
956 3389 1013 3439 llll'
1044 3386 1092 3454 (cl.
1109 3388 1139 3437 ll.
1154 3384 1254 3437 lleiliua

138 3461 155 3509 l.
171 3459 188 3508 l.
205 3476 232 3525 p.
246 3460 313 3526 625)
337 3461 484 3512 ‘latendum
504 3470 543 3512 est
563 3476 620 3512 eam
638 3460 782 3528 signlllcare
799 3475 857 3510 cum
875 3461 926 3510 ait:
949 3459 1008 3508 nea'
1031 3474 1054 3507 c.
1066 3472 1091 3521 q.
1102 3472 1124 3508 s.
1157 3454 1253 3506 Paulus

139 3545 165 3594 p.
177 3529 274 3582 1124111.
303 3533 385 3582 ‘sam
399 3546 464 3581 eam.
488 3532 560 3582 Idem
577 3532 690 3582 Enniust
708 3530 770 3581 uea'
786 3545 809 3581 e.
822 3545 847 3594 q.
858 3544 881 3580 a.

147 3642 344 3652 ———

139 3707 191 3761 teri
275 3723 330 3778 quo
344 3705 411 3761 olim
422 3705 502 3766 mor.
520 3705 653 3761 Varronis
737 3704 858 3772 Faunei]
871 3702 989 3758 launiet
1006 3699 1108 3758 Varro.
1121 3698 1178 3755 lani
1188 3695 1252 3753 arr.

140 3788 197 3844 Cic.
213 3791 248 3846 de
262 3792 319 3846 din.
336 3791 436 3846 laeiem
451 3789 631 3845 FariaFlor.
648 3792 698 3859 (m.
706 3792 772 3862 pr.)
792 3787 882 3859 Gtactf.
895 3786 1062 3855 Qtantiliani.
1079 3785 1156 3841 launi
1169 3784 1255 3838 catari

243 3881 348 3947 fflsq.
364 3876 514 3946 quisquam
529 3881 677 3946 superarat
696 3891 750 3930 nec
768 3873 835 3928 dicti
854 3872 999 3929 studiosus
1012 3875 1073 3925 erat
1094 3866 1252 3925 Victoriana

140 3974 167 4014 a.
179 3963 258 4018 1536.
273 3975 326 4014 nec
343 3959 409 4015 dicti
426 3959 570 4014 studiosus
588 3960 737 4031 quisquam
751 3965 812 4013 erat
827 3960 893 4026 (ont.
909 3957 1072 4026 superarat)
1085 3953 1148 4008 libri
1160 3964 1254 4008 omes

244 4047 295 4104 111
320 4044 450 4116 sophiam
464 4042 599 4116 Scatiqer.
613 4042 825 4114 philosophiam
836 4041 951 4107 Paulas,
966 4041 1069 4103 Festus.
1084 4037 1162 4110 apua
1173 4049 1253 4108 quern

139 4131 275 4201 qiotaenta
297 4131 450 4200 insequitur
472 4144 545 4200 quae
568 4129 697 4184 doctrina
711 4128 809 4182 Latina
831 4128 928 4198 lingua
943 4124 1068 4193 [nomen]
1091 4119 1253 4176 nonhabet

141 4216 255 4269 eiacmt
283 4231 302 4268 a
327 4213 470 4286 Scaliqero
555 4214 697 4285 perihetur
727 4212 788 4268 coti.
815 4210 856 4283 cf.
878 4209 1075 4266 bethmannus
1106 4206 1146 4260 aa
1165 4201 1251 4258 aaa.

142 4295 259 4358 11le
310 4349 315 4353 .
345 4299 483 4370 sapientia
498 4314 570 4369 quae
584 4299 747 4370 perhibetur
760 4313 823 4353 cram
834 4297 996 4368 praeconate
1008 4309 1063 4350 ont.
1078 4289 1187 4346 Paalaa

1001 4388 1047 4449 3*
