2834 4988
204 385 267 452 128
585 389 938 449 Tnnuoaulnnvu

219 572 281 634 295
309 562 400 632 Multi
432 584 526 632 suam
565 584 634 631 rem
665 560 748 630 bene
778 581 918 652 gessere
949 563 981 628 et
1013 559 1178 651 publicam
1210 559 1317 652 patria

306 767 414 852 Multi,
452 766 506 860 qui
541 765 630 836 domi
662 765 803 835 aetatem
836 662 992 858 agiigriltl:
1031 766 1208 858 prepterea
1239 768 1317 834 sunt

736 969 784 1041 Vl
866 868 1064 1004 inprobati·-

436 1141 444 1158 .
497 1110 571 1158 nam
591 1087 643 1157 ter
664 1087 727 1156 sub
747 1087 847 1158 armis
866 1087 975 1157 malim
996 1087 1097 1156 uitam
1119 1084 1265 1168 cernere,

311 1190 415 1276 Quam
438 1191 539 1261 semel
562 1191 662 1260 modo
682 1191 810 1282 parere.

702 1317 820 1389 VH..

495 1491 503 1506 .
557 1436 782 1525 animaduerto
803 1458 843 1507 ac
863 1436 950 1510 dieto
972 1438 1068 1529 pare!

633 1555 649 1592 *
873 1553 890 1591 ss

752 1610 769 1650 *

221 1696 283 1760 300
310 1688 446 1760 Praete'r
465 1690 643 1783 rogitatum
662 1687 693 1758 si
713 1709 853 1782 querare

696 1820 773 1891 VH]
787 1818 827 1857 Η

311 1939 345 2009 Si
366 1940 399 2009 te
418 1942 565 2011 seeundo
586 1940 709 2012 himine
726 1940 779 2011 hic
797 1939 978 2025 offendero,

308 2043 457 2114 Moriere.

714 2145 760 2216 IX
774 2143 816 2182 Η

312 2261 418 2347 Quam
447 2263 556 2357 magis
590 2286 748 2336 aerumna
777 2266 894 2357 urget,
933 2267 1000 2333 tarn
1027 2259 1135 2353 magis
1161 2259 1203 2329 ad
1234 2257 1319 2330 male

867 2366 1051 2437 faciendum
1070 2364 1173 2456 uiget.

207 2566 256 2616 bus
276 2567 468 2634 gypsatissimis
487 2568 630 2634 persuasit,
654 2583 686 2620 ne
708 2569 758 2619 sibi
777 2569 841 2619 uitio
856 2568 916 2620 illae
932 2575 1073 2628 uerterent,
1098 2566 1166 2629 quod
1184 2565 1287 2615 abesset
1305 2578 1321 2614 a

207 2638 304 2701 patria:
330 2652 389 2688 nam
406 2638 514 2688 multi'
539 2654 562 2687 e.
577 2654 601 2702 q.
616 2654 637 2688 s.
670 2637 738 2698 ‘Quo
757 2640 901 2690 innumero
920 2645 1026 2688 tueerte
1045 2636 1154 2696 luisses,
1172 2636 1321 2685 nisiteex-

207 2707 373 2756 trusissemus
453 2716 478 2758 et
499 2708 620 2771 quoniam
637 2706 754 2759 Medeam
773 2709 846 2775 coepi
871 2723 961 2774 agere,
988 2706 1053 2758 illud
1073 2720 1175 2772 semper
1192 2711 1320 2757 memento

210 2773 314 2842 [xllnr
387 2777 423 2827 Vl
447 2778 528 2828 Varro
544 2776 576 2827 de
588 2776 618 2827 L.
632 2775 662 2827 L.
676 2779 712 2829 VI
726 2777 760 2829 81
774 2777 807 2828 Μ.
833 2782 945 2828 ‘cerno
1017 2791 1064 2843 pro
1078 2775 1154 2826 uideo
1171 2775 1209 2841 ait
1222 2775 1321 2825 Ennius

266 2841 391 2897 Gauius*
473 2848 512 2898 Ab
531 2847 620 2897 eodem
637 2856 676 2898 est
694 2847 762 2912 quod
777 2848 950 2899 aitldedea:
970 2848 1030 2898 ter'
1051 2862 1074 2896 a.
1089 2861 1113 2909 q.
1127 2861 1149 2895 s.
1176 2844 1275 2908 ‘quod,
1293 2852 1322 2893 ut

210 2914 347 2966 decernunt
368 2916 401 2967 de
422 2917 475 2967 uita
497 2931 527 2968 eo
551 2924 680 2983 tempore,
711 2917 848 2968 multorum
874 2917 991 2968 uideatur
1014 2918 1083 2966 ultae
1107 2914 1183 2965 finis)
1222 2912 1321 2964 Nouius

207 3000 235 3051 p.
250 2985 311 3047 261,
330 2985 363 3038 18
382 2990 529 3038 ‘eernere
548 3001 649 3037 rursum
669 2986 792 3038 dimicare
811 2985 853 3037 uel
873 2987 1026 3039 contendere
1101 2983 1245 3037 Enniusin
1259 2982 1321 3033 lle-

208 3054 267 3106 dea
288 3055 402 3107 exsule
423 3054 517 3125 [²971.'
550 3055 621 3106 ldem
634 3072 661 3122 p.
675 3055 767 3118 261st
787 3060 948 3119 ‘eernere⁹
973 3057 1097 3107 amittere.
1129 3055 1211 3105 Varro
1224 3052 1321 3104 Gerou-

208 3124 382 3177 todidasoalo:
403 3126 569 3177 nonuides
583 3117 1107 3192 apud‘annium'asseseriptum,
1126 3126 1176 3174 ter
1193 3122 1251 3173 sub
1270 3136 1322 3172 ar·
1358 3164 1363 3171 .

208 3195 389 3246 missmdlim
403 3197 501 3247 uitam
516 3199 651 3246 eernere
664 3194 874 3255 Quamsemel
891 3197 984 3248 modo
997 3194 1143 3263 pararet’
1165 3192 1321 3259 (Ennium

209 3263 305 3315 Aldina
323 3267 350 3315 iu
371 3266 543 3333 corrigendis,
572 3280 622 3316 om.
644 3262 719 3331 libri)
788 3265 845 3315 Vll.
867 3265 926 3316 Vlll
952 3265 1040 3317 Cicero
1059 3279 1106 3332 pro
1122 3262 1228 3313 Rabirio
1250 3262 1320 3313 Post.

210 3332 252 3394 11,
266 3333 301 3385 29
327 3338 452 3401 ‘regum
473 3344 558 3386 autem
575 3341 633 3385 suut
652 3334 716 3386 haee
736 3335 874 3401 imperia
894 3334 966 3402 [299]
981 3343 1006 3386 et
1020 3333 1092 3402 [300]
1115 3341 1140 3383 et
1159 3331 1243 3383 illae
1263 3331 1321 3381 ml-

208 3417 281 3454 nae:
300 3405 323 3454 si
338 3405 375 3454 ta'
395 3421 417 3455 e.
435 3421 460 3468 q.
473 3420 495 3455 s.
516 3409 597 3469 ‘qaae
609 3418 660 3454 uon
675 3413 703 3455 ut
714 3405 869 3456 delectemur
882 3407 964 3456 solum
977 3405 1062 3472 legere
1075 3412 1100 3454 et
1113 3408 1229 3468 spectare
1243 3400 1321 3452 debe-

209 3475 286 3524 mus'
318 3475 389 3525 Idem
407 3474 441 3524 ad
460 3476 573 3527 Atticum
591 3474 640 3524 Vll
653 3473 725 3536 rol
751 3474 884 3526 ‘Caesaris
902 3475 1037 3526 interdieta
1055 3470 1128 3539 [001]
1146 3471 1320 3538 respuuntur)
1394 3520 1399 3531 ,

208 3543 264 3593 llue
280 3544 377 3594 rettulit
397 3543 513 3612 Scaliger
532 3544 604 3596 conr.
625 3559 652 3610 p.
669 3542 703 3595 92
773 3544 810 3594 IX
835 3544 1006 3605 Quintilianus
1021 3544 1057 3594 lX
1074 3542 1101 3604 d,
1116 3542 1149 3594 15
1173 3540 1239 3592 ‘alia
1252 3555 1322 3591 eom·

206 3721 279 3785 tatis,
298 3716 416 3790 epatria
427 3718 503 3791 quod
515 3717 622 3776 abelem
707 3724 760 3780 106
771 3727 890 3793 egerunt
907 3720 1027 3777 ‘ueteres
1038 3718 1103 3776 libri
1107 3721 1113 3746 ’
1131 3716 1237 3774 Mureti
1252 3717 1322 3775 Ver.

206 3803 282 3860 Leet.
303 3802 382 3860 VIII
393 3807 427 3864 17
512 3807 564 3864 207
586 3819 650 3859 uam
666 3803 771 3861 Nonam
779 3823 811 3878 p.
828 3810 890 3873 201,
913 3809 955 3873 18,
970 3821 1024 3860 om.
1046 3804 1138 3861 Varro
1222 3803 1278 3871 ter]
1296 3808 1322 3857 te

208 3888 501 3961 Noniuap.261,18
586 3888 684 3958 uitam]
707 3891 793 3946 multa
822 3889 928 3959 Varro,
948 3889 1030 3963 idque
1046 3882 1090 3945 'blo
1104 3890 1186 3962 ponr‘t
1199 3887 1279 3945 Gella

250 3977 303 4034 299
324 3971 516 4030 aalmaduerte
537 3973 661 4029 aedicto
681 3990 750 4045 pare
768 3973 859 4030 Oxou.
879 3989 960 4030 unua.
981 3973 1174 4030 animaduerto
1196 3977 1223 4028 et
1245 3972 1322 4028 dieto

207 4074 276 4129 pare
298 4061 384 4115 ceteri
400 4057 470 4114 libas.
497 4059 620 4116 enlmum
641 4058 759 4115 aduerte
780 4066 807 4114 et
827 4058 901 4114 dioto
920 4075 989 4129 pare
1009 4059 1134 4131 Scaliper
1218 4062 1273 4118 300
1297 4058 1322 4112 si

178 4141 180 4145 ’
208 4159 327 4214 querare
342 4141 455 4199 Iratam
473 4142 574 4201 Orellia'.
591 4144 627 4199 sit
640 4145 686 4215 pie
701 4142 772 4200 libra'.
794 4144 818 4198 si
834 4144 949 4215 loquare
963 4158 1001 4200 era
1014 4143 1165 4201 Hotomum'
1175 4142 1238 4198 eod.
1258 4154 1323 4198 aaa·

202 4234 284 4299 paeto
305 4227 463 4288 landinus.
492 4231 516 4285 si
538 4227 683 4305 quidpiam
705 4243 744 4284 err
763 4226 877 4283 Iuntina
895 4243 948 4284 aaa
968 4227 1122 4285 Emeata‘us.
1146 4243 1181 4282 ne
1201 4241 1323 4298 querare

208 4310 333 4386 Scarqer
416 4321 470 4376 300
491 4315 579 4386 uiget]
597 4314 673 4384 iuget
689 4313 756 4369 Tur.
772 4319 853 4383 urget
867 4312 943 4369 mor.

67 4474 146 4696 Ἰ
