2834 4988
207 420 253 468 xc
592 410 908 479 ovassttoxss

132 591 137 599 '
207 577 295 636 tentia
321 593 372 633 sua
395 574 433 632 ab
456 574 570 633 illornm
591 579 752 652 argumenti
774 576 938 653 granditate
962 576 1106 634 remoueri
1134 573 1312 650 uidebantur,

208 684 247 743 ci.
269 684 305 745 ir.
327 680 389 740 l'll.
413 679 463 739 tx.
490 680 526 739 Χ.

295 791 434 848 Seorsum
465 788 608 845 asaturis
636 789 899 865 epigrammata
930 788 1032 865 posui,
1061 804 1182 865 qnorum
1202 788 1261 847 dno
1279 786 1315 847 de

208 898 348 976 Scipione
370 895 446 954 elata
470 892 522 961 (ll.
545 891 600 971 lll)
623 892 734 970 llngius
759 896 840 951 iussit
864 894 891 951 ei
914 903 1031 953 saturae
1056 896 1103 954 cni
1127 911 1182 954 nos
1203 895 1314 973 Scipio·

209 1022 273 1062 nem
288 1002 495 1061 uindicauimos
511 999 628 1058 ascribi.
675 999 772 1078 Atque
788 1000 863 1067 baec
882 1002 1013 1060 encomia
1026 1003 1174 1081 Scipionis
1188 1004 1316 1081 quemuis

209 1112 262 1169 iam
282 1108 350 1167 olim
364 1106 502 1167 Pithoeus
515 1105 589 1166 Adu.
606 1106 619 1165 l
637 1107 669 1166 11
685 1109 775 1168 uellet
792 1126 855 1167 cum
873 1108 927 1165 dat.
941 1105 981 1166 lll
992 1108 1027 1167 ir.
1039 1107 1067 1168 X
1080 1111 1212 1183 conecti,
1224 1119 1316 1169 tamen

210 1216 277 1295 qnid
300 1212 465 1292 inpediebat
483 1221 600 1291 poetam
624 1231 681 1292 quo
704 1215 796 1272 minus
815 1224 897 1274 extra
917 1215 1060 1292 longioris
1080 1217 1216 1274 carminis
1237 1225 1315 1275 teno-

209 1341 270 1383 rem
291 1321 404 1397 singula
428 1321 569 1398 quaedam
591 1323 797 1399 epigrammata
817 1318 953 1382 luderet?
974 1320 1005 1380 ln
1028 1330 1194 1382 transcursu
1213 1339 1317 1382 moneo

208 1431 282 1490 banc
309 1448 346 1488 ex
375 1429 590 1507 epigrammatis
613 1433 783 1490 sententiam
811 1451 891 1489 nemo
917 1448 961 1488 me
979 1435 1113 1488 tremimus
1132 1435 1244 1489 decoret
1270 1449 1318 1489 nec

206 1542 312 1614 funera
329 1542 396 1612 fletu
416 1539 511 1603 Facit,
533 1543 604 1590 cur?
631 1540 711 1593 nolito
728 1541 809 1593 uinus
828 1555 884 1611 per
902 1559 953 1597 ora
965 1545 1072 1609 uirum,
1093 1537 1186 1596 uideri
1204 1557 1223 1596 e
1240 1535 1317 1596 ttin-

210 1662 310 1704 nermo
327 1650 413 1721 poeta
437 1639 573 1715 elegiaco
595 1639 806 1717 depromptam.
840 1641 993 1702 Meliorem
1016 1644 1089 1702 enim
1107 1644 1216 1705 Gicero
1239 1642 1317 1722 (Cat.

208 1755 274 1812 mai.
298 1750 354 1810 21).
380 1746 420 1807 73
449 1756 478 1806 et
500 1744 588 1805 tusc.
612 1745 686 1824 disp.
711 1746 723 1806 l
749 1747 806 1823 49,
838 1750 912 1829 ll‘i)
941 1751 979 1808 ait
1003 1749 1081 1809 illam
1103 1749 1187 1809 Ennii
1211 1752 1317 1811 oratio·

209 1877 274 1917 nem
295 1874 364 1915 esse
386 1873 468 1932 quiam
492 1853 610 1912 Solonis
634 1874 709 1913 mors
731 1875 791 1913 mea
815 1876 851 1915 ne
871 1869 970 1916 cureat
994 1863 1141 1917 lacrumae.-
1166 1863 1319 1934 hmanas

211 1972 307 2025 ammes
329 1966 488 2022 Maerorem
511 1973 540 2020 ut
559 1965 696 2019 eelebrent
714 1964 819 2035 sunere
842 1985 905 2022 cum
920 1970 1030 2040 pemitu.
1060 1963 1174 2042 Nempe
1193 1965 1233 2023 tta
1253 1981 1318 2023 non·

209 2074 297 2134 nertit
321 2067 429 2129 Cicero
451 2068 570 2126 Solonis
593 2067 721 2143 elegiam
743 2068 819 2146 quod
844 2070 957 2129 Graece
983 2070 1089 2148 legitur
1110 2071 1188 2149 apnd
1211 2070 1319 2130 l'lntar·

210 2180 293 2240 ebum
316 2179 343 2236 in
367 2193 463 2253 comp.
480 2174 598 2233 Solonis
621 2183 650 2232 et
674 2173 844 2235 Publicolae
872 2175 885 2234 1
910 2180 971 2248 τοῖς
991 2175 1057 2256 περὶ
1072 2176 1253 2258 Mipveppov
1269 2166 1320 2237 de

209 2276 317 2346 recorda
331 2281 398 2361 περὶ
409 2277 517 2360 ppdocv
529 2283 604 2358 ζωῆς
618 2274 836 2360 ἐπιπεφώνηκε·
860 2278 934 2360 μηδὲ
947 2305 997 2360 por
1012 2276 1177 2355 ἄκλαυστος
1189 2277 1321 2356 θάνατος

209 2387 307 2470 μόλοι,
330 2380 405 2448 ἇλλᾶ
426 2389 537 2464 φίλοισι
556 2383 721 2466 Ποιήσαιμι
734 2379 841 2447 θανὼν
862 2381 952 2464 ἄλγεα
978 2384 1029 2446 καὶ
1051 2381 1204 2468 στοναχάς,
1241 2387 1321 2449 ltin·

211 2498 302 2557 nenni
323 2494 493 2569 distichum,
523 2495 569 2554 cui
590 2494 665 2554 haec
687 2493 759 2552 Solo
775 2492 940 2571 respondit,
963 2511 1019 2553 non
1039 2503 1136 2569 extat,
1159 2496 1241 2555 cuins
1257 2514 1321 2554 sen·

211 2624 272 2663 sum
291 2613 385 2662 tamen
404 2601 477 2662 baud
498 2601 584 2661 dubie
604 2601 713 2660 Ennius
730 2601 895 2678 expressit:
915 2608 944 2658 ut
960 2598 1066 2660 Cicero
1086 2618 1140 2679 pro
1152 2600 1321 2661 llimnermo

211 2710 369 2771 Romanum
399 2716 514 2787 poetam
538 2709 639 2768 Soloni
671 2724 849 2785 componere
876 2709 1011 2783 potuerit.
1054 2706 1100 2768 ct.
1131 2707 1196 2767 Nic.
1222 2708 1322 2769 Baebii

211 2818 332 2892 Quaest.
348 2816 473 2893 elegiae.
499 2815 624 2884 (Fuldae
647 2813 742 2893 1839)
766 2832 795 2892 p.
816 2815 845 2871 5.

295 2926 418 2983 Sotam
444 2920 564 2980 Ennium
593 2921 751 2999 scripsisse
777 2919 917 2978 l'arronis
949 2917 1002 2995 (de
1027 2917 1059 2977 b.
1088 2917 1119 2977 L.
1150 2919 1175 2978 V
1203 2920 1321 3002 6211.)

210 3032 349 3112 Festique
379 3031 424 3109 (p.
453 3027 515 3088 356
542 3025 598 3105 ll.)
634 3044 796 3085 consensus
827 3027 929 3084 euicit:
953 3044 1017 3084 cum
1043 3025 1110 3085 olim
1138 3028 1176 3087 de
1204 3029 1322 3089 Asoto

213 3141 376 3217 cogitarent
407 3145 435 3196 et
457 3134 591 3209 Scaliger
616 3134 643 3190 in
665 3132 825 3190 Varronem
856 3141 884 3190 et
911 3131 1026 3191 Festum
1050 3133 1228 3193 Sotadica
1251 3136 1323 3194 intu-

211 3247 303 3308 lisset.
346 3244 392 3304 lle
424 3242 538 3300 nomine
566 3241 701 3299 carminis
727 3239 799 3298 baec
829 3237 864 3300 0.
890 3237 1052 3298 blnellerus
1085 3239 1120 3299 ad
1147 3238 1265 3300 llestnn
1294 3260 1322 3320 p.

213 3351 273 3412 413
292 3348 455 3411 adnotauit:
477 3348 565 3405 ‘Sota
588 3345 700 3406 Graece
720 3353 765 3404 est
782 3347 897 3421 Σωτᾶς,
913 3356 980 3407 nota
999 3347 1210 3427 hypocoristici
1231 3348 1324 3408 lomna

213 3473 266 3534 pro
296 3455 419 3533 pleniori
442 3445 583 3529 Σωτάδης
615 3455 762 3530 positum,
793 3462 823 3512 nt
854 3447 971 3529 Ἀλεξᾶς
996 3471 1049 3532 pro
1074 3444 1268 3534 Ἀλέξανδρος
1297 3465 1326 3514 et

212 3561 297 3620 multa
322 3560 355 3619 ad
377 3560 500 3619 eundem
519 3558 631 3617 modum
654 3558 800 3618 formata.⁷
841 3560 967 3620 Sotades
986 3568 1091 3639 poeta,
1115 3559 1213 3636 quode
1233 3557 1325 3619 Bern-

211 3666 351 3740 bardynm
378 3665 424 3723 adi
453 3665 516 3724 litt.
550 3663 654 3723 Graec.
685 3665 711 3724 ll
746 3685 776 3744 p.
806 3666 887 3741 920,
923 3666 998 3745 apud
1028 3675 1148 3725 ueteres
1175 3665 1326 3725 acerrimis

213 3770 323 3831 salibus
355 3780 383 3829 et
419 3773 492 3830 iacta
525 3773 551 3828 in
585 3788 698 3830 omnem
733 3772 894 3850 aequalium
928 3776 1100 3852 prauitatem
1138 3768 1327 3830 cauillatione

213 3896 268 3956 qua
298 3896 333 3934 ne
357 3895 446 3953 reges
475 3878 590 3956 quidem
614 3876 779 3957 excipiebat
802 3880 932 3956 insignis.
967 3878 1067 3958 Aqua
1091 3877 1244 3937 seueriore
1267 3894 1327 3936 ιο-

212 4002 273 4043 rum
298 4001 421 4042 censura
447 4003 510 4043 cum
540 3983 648 4043 Ennius
677 3987 792 4044 omnino
819 3985 896 4062 quod
927 4003 1014 4063 supra
1043 3983 1125 4061 tetigi
1151 3982 1328 4043 abstinuisse

213 4091 362 4165 uideatur,
397 4099 454 4149 tum
479 4091 591 4150 modum
623 4110 657 4150 ac
689 4110 788 4150 munus
824 4091 940 4150 Sotadis
972 4090 1058 4150 ualde
1086 4089 1124 4151 ab
1149 4089 1206 4150 boc
1236 4097 1327 4168 podia

214 4198 337 4258 alienum
372 4197 516 4255 existimo.
562 4197 599 4255 Ar
631 4216 694 4256 cum
727 4197 870 4272 Sotades,
900 4196 977 4274 qnod
1001 4215 1017 4254 e
1038 4194 1172 4274 reliquiis
1203 4196 1327 4255 maxime

215 4302 252 4364 ab
279 4302 386 4364 loanne
415 4301 544 4363 Stobaeo
576 4304 700 4363 seruatis
740 4304 879 4383 adparet,
908 4302 1092 4363 multifariam
1114 4302 1328 4381 poeninarum
