2834 4988
588 401 818 457 ΕΝΝΙΑΝΑΕ
1166 408 1255 456 xum

143 571 193 649 qui
217 571 313 629 Seruii
334 570 459 630 cadauer
481 570 508 627 in
522 571 566 627 nia
585 577 759 647 prostratum
778 567 948 627 adhortante
960 565 1054 624 Tullia
1067 565 1255 625 transuehere

144 695 203 736 nou
226 676 386 737 abborruit.
433 673 477 735 Gi.
499 674 595 734 Liuius
618 675 630 735 l
652 675 702 734 48.
725 672 844 733 Ouidius
863 670 940 729 Fast.
961 670 1000 729 Vl
1022 672 1083 731 libb
1103 689 1206 747 corpus
1227 682 1257 730 ut

144 788 265 859 aspexit,
289 787 412 841 lacrimis
433 787 533 858 corripe
547 784 679 857 profusas
691 785 804 840 Restitit.
828 782 901 836 bunc
923 783 972 837 toli
990 782 1255 854 corrupitillasono:

145 893 261 966 ‘Vadis
282 910 321 948 on
343 897 475 966 expectas
496 895 618 964 pretium
637 893 749 964 pietrrtis
771 893 924 944 omarum?
955 887 1027 955 Duc,
1048 889 1169 958 inquom,
1185 888 1256 940 inui-

145 1005 189 1054 tos
207 1001 270 1071 ipsa
292 1014 348 1071 per
366 1015 418 1054 oro
447 1001 547 1054 rctcst'
573 1001 654 1057 Certa
676 999 747 1070 fides
767 997 846 1070 facti.
896 988 943 1048 Fr.
975 986 1051 1062 Xlll,
1076 988 1153 1066 quod
1174 988 1256 1048 berni

145 1117 251 1161 uersus
276 1100 397 1160 forman
424 1099 554 1178 llbergio
588 1111 739 1180 acceptam
771 1099 879 1171 relcrt,
916 1093 1108 1174 probabiliter
1139 1094 1188 1154 ille
1221 1095 1256 1153 ad

146 1207 294 1286 Tarquinii
315 1224 363 1264 res
387 1205 491 1265 reiert.
538 1208 593 1282 Qui
612 1226 675 1268 cum
688 1209 800 1267 somnio
813 1222 861 1280 eo,
884 1203 961 1282 quod
974 1220 991 1261 e
1004 1200 1092 1260 Bruto
1109 1200 1192 1260 dccii
1209 1197 1256 1261 Gi·

147 1330 220 1373 cero
243 1314 281 1373 de
308 1312 365 1372 diu.
392 1310 475 1388 122,
499 1315 538 1373 tt
561 1313 732 1391 (Ribbeckii
753 1313 839 1388 Trag.
864 1309 923 1369 Lat.
948 1308 1002 1367 rel.
1033 1326 1062 1386 p.
1093 1307 1171 1387 238)
1199 1317 1255 1367 tra-

145 1421 233 1496 didit,
261 1420 435 1498 perterritus
458 1430 555 1496 essct,
586 1420 803 1480 coniectoribus
825 1419 873 1496 qui
902 1425 932 1474 ut
960 1413 1036 1493 apud
1065 1413 1185 1474 Accium
1215 1412 1256 1471 illi

147 1524 250 1602 (Ribb.
275 1525 294 1585 l.
317 1524 337 1584 l.
362 1544 389 1604 p.
410 1525 487 1606 239)
517 1529 609 1587 uisum
632 1530 659 1588 in
683 1529 785 1588 malam
814 1534 925 1603 partem
951 1521 1133 1598 interpretati
1157 1528 1257 1578 essent

147 1632 241 1709 potuit
263 1633 291 1690 iu
314 1631 388 1693 hauc
409 1637 580 1696 sententiam
601 1641 704 1712 aliquot
721 1640 827 1693 somnio
848 1651 918 1691 uera
937 1649 1011 1705 esse,
1039 1638 1068 1686 ct
1085 1607 1179 1686 omnic
1200 1647 1256 1686 non

146 1758 207 1798 esso
233 1758 344 1799 necesse
370 1743 568 1819 respondere:
606 1744 660 1801 nisi
689 1740 812 1800 Tulliam
846 1739 892 1798 uel
923 1737 1008 1796 alium
1039 1735 1140 1793 nescio
1170 1750 1256 1812 quem
1314 1744 1318 1749 “

147 1844 334 1924 Tarquinium
354 1865 463 1925 angore
488 1867 661 1927 percussum
681 1849 738 1908 boc
761 1847 838 1906 dicto
864 1843 1044 1905 consolatum
1064 1859 1132 1900 esse
1154 1843 1253 1900 mauis.

146 1951 287 2029 Sequitur
307 1952 456 2013 calamitas
481 1955 649 2016 Lucretiae:
678 1954 735 2014 hoc
754 1971 839 2032 quem
859 1949 1007 2010 Charisius
1030 1947 1055 2006 ll
1078 1966 1106 2025 p.
1135 1947 1189 2006 181
1223 1947 1254 2007 Ρ.

146 2059 235 2119 tradit
256 2059 404 2119 uersiculo
434 2065 481 2120 tibi
503 2069 561 2122 uita
590 2066 645 2122 Seu
673 2080 748 2121 mors
772 2067 800 2119 in
823 2062 923 2117 rrruudc
943 2067 983 2115 est
1003 2057 1076 2130 (inc.
1100 2054 1162 2113 sed.
1186 2053 1255 2132 Xl),

146 2165 256 2225 Sextus
274 2164 445 2244 Tarquinius
474 2168 592 2246 adloqui
616 2168 778 2228 Lucretiam
806 2165 939 2238 uidetur,
973 2160 1050 2221 conl.
1074 2159 1154 2219 Liuio
1177 2160 1189 2219 l
1216 2159 1256 2220 58

140 2261 217 2329 ‘tace
239 2274 378 2332 Lucretic’
401 2281 503 2350 inquit:
532 2279 610 2336 ‘Sum
637 2279 805 2349 Tarquinius
823 2291 900 2335 sum·
920 2271 1032 2345 fcrrum
1051 2274 1080 2327 in
1099 2288 1183 2326 murno
1200 2276 1258 2330 cst,·

145 2383 268 2436 moriere
294 2384 320 2436 si
345 2387 468 2439 emscris
490 2389 605 2442 uccem'.
649 2379 761 2440 Eodem
788 2376 886 2437 refero
915 2374 950 2434 ir.
975 2373 1040 2433 xlv
1065 2383 1094 2433 et
1116 2370 1185 2431 XV:
1222 2391 1256 2432 ac

145 2481 237 2542 Lares
256 2483 370 2559 quidem
390 2483 597 2563 percommode
616 2486 750 2546 Lucretia
768 2485 883 2557 dicitur,
906 2483 983 2542 domi
1000 2489 1185 2558 attemptata,
1206 2481 1256 2538 im·

148 2588 268 2667 plorare
293 2590 475 2669 eandemque
506 2592 579 2653 deos
609 2591 645 2651 de
681 2591 846 2651 innocentia
875 2597 1065 2650 antestantem
1096 2595 1126 2647 in
1153 2595 1256 2647 caetum

144 2700 230 2754 stellis
245 2699 411 2771 sculpentibus
433 2707 528 2773 aptum
551 2708 711 2776 suspexisse
734 2699 916 2759 crediderim.
957 2696 1040 2756 Vnde
1071 2712 1257 2774 consequens

146 2810 204 2877 est,
228 2811 381 2862 uteorum
404 2822 539 2864 uersuum
561 2805 633 2865 ordo
656 2808 824 2866 inuertatur.

233 2908 368 2982 Quarti
388 2911 534 2970 annalis
552 2915 601 2989 qui
615 2923 711 2973 notam
730 2912 877 2991 praeierat
892 2928 964 2969 unus
977 2908 1064 2968 bodie
1078 2918 1157 2968 extat
1168 2927 1184 2968 a
1197 2906 1256 2967 bla-

152 3014 254 3075 crobio
279 3017 338 3076 Sat.
363 3017 434 3076 Vll
461 3037 489 3097 p.
511 3020 572 3080 499
595 3021 657 3079 lau.
681 3020 802 3078 traditus
828 3017 1006 3077 uersiculus:
1037 3020 1158 3076 Romani
1174 3020 1257 3074 scutis

146 3141 254 3182 mmmm
274 3130 399 3184 ciuntur
419 3146 500 3200 cpum
522 3134 552 3185 ci
574 3127 647 3206 (V):
677 3146 693 3186 e
717 3142 774 3204 quo
798 3134 905 3183 tantum
934 3124 1017 3183 abest
1046 3131 1076 3180 ut
1107 3122 1143 3181 de
1171 3140 1255 3205 argu-

146 3237 244 3288 mento
268 3228 334 3289 libri
357 3231 554 3292 coniecturam
578 3252 686 3312 capere
709 3234 815 3306 liceat,
839 3240 868 3290 ut
892 3250 927 3289 ne
947 3230 984 3290 de
1007 3239 1109 3288 tenore
1140 3229 1255 3306 quidem

147 3337 194 3394 cui
217 3334 267 3394 ille
290 3339 526 3400 accommodatus
539 3341 576 3399 sit
588 3343 741 3419 quicquam
760 3339 930 3398 adlirmarim
944 3334 1145 3396 confidentius.
1174 3332 1254 3392 Liuio

147 3443 241 3501 ascito
261 3443 310 3521 qui
332 3441 373 3502 lv
386 3442 427 3502 59
443 3444 480 3504 de
497 3444 624 3506 Anxuris
643 3447 723 3505 urbis
743 3445 959 3524 expugnatione
971 3448 1010 3502 ud
1020 3463 1099 3519 quem
1116 3447 1256 3502 tumultum

147 3549 238 3627 inquit
259 3553 441 3627 obstupefacti
464 3558 512 3628 qni
537 3557 674 3613 oduerm
698 3559 815 3614 Fabium
840 3557 935 3612 urbem
962 3556 1085 3626 infimam
1113 3552 1258 3609 tuebuntur

146 3660 236 3714 locum
268 3661 368 3716 dudm
402 3663 495 3716 scalas
523 3663 703 3718 admouendi.-
731 3666 872 3736 plenoque
898 3661 1013 3718 bostium
1040 3666 1140 3716 cuncto
1167 3666 1257 3727 crunt,

146 3761 213 3821 uide
229 3779 295 3820 num
312 3765 340 3821 in
360 3772 492 3823 enarrata
513 3765 575 3824 eius
597 3765 676 3824 urbis
699 3766 873 3825 obsessione
893 3763 1021 3823 Enniana
1042 3763 1142 3822 sedem
1163 3763 1254 3820 uersi·

146 3867 229 3927 culus
253 3871 453 3930 nanciscatur:
477 3879 508 3929 ut
530 3881 596 3931 ante
619 3872 655 3932 ir.
680 3871 719 3932 lll
741 3871 778 3930 de
801 3888 859 3949 quo
883 3870 956 3929 inira
977 3870 1070 3929 dicam
1099 3868 1254 3928 conlocan-

145 3974 198 4034 dus
218 3975 265 4036 sit.
317 3976 355 4036 dt
384 3976 412 4034 in
439 3994 560 4055 quanam
584 3978 664 4037 urbis
692 3978 814 4038 alicuius
844 3979 1062 4055 oppugnatione
1087 3976 1136 4036 tali
1167 3993 1255 4034 uersu

146 4082 184 4139 uti
212 4080 323 4143 Ennius
348 4098 406 4141 nou
436 4082 549 4161 potuit'l
580 4083 624 4144 Ne
648 4086 720 4144 fines
749 4085 865 4162 quidem
893 4083 977 4142 huius
1006 4083 1115 4142 annalis
1145 4082 1254 4141 certius

148 4190 212 4263 poni
236 4200 375 4269 possunt:
404 4191 440 4250 ab
464 4191 550 4249 initiis
573 4192 616 4249 rei
639 4191 775 4270 publicae
795 4209 860 4250 eum
890 4208 1027 4250 exorsum
1051 4206 1129 4262 esse,
1158 4204 1253 4245 rernm

147 4295 349 4355 narrandarum
369 4313 530 4375 progressu
553 4300 688 4375 exigitur.
736 4298 779 4358 Ac
798 4301 917 4376 primum
937 4301 965 4357 in
988 4297 1063 4356 nunc
1075 4294 1177 4354 librum
1192 4292 1254 4350 bel·
