2834 4988
592 407 822 463 ENNlANAE
1175 423 1262 472 cxlx

146 572 294 632 consentit
316 588 399 648 quam
420 573 448 629 in
472 589 591 629 numero
613 572 732 631 miiitum
752 572 933 631 dilectorum.
970 579 993 633 Α
1014 580 1172 635 Brundusio
1187 578 1261 637 enim

145 681 185 738 ait
206 699 268 736 cum
288 682 452 736 immisisset
470 674 519 752 (T.
544 676 729 756 Quinctius),
752 683 905 755 Corcyram
925 686 1009 738 terruit
1028 701 1091 740 rum
1112 693 1170 742 octo
1192 689 1261 742 miti-

145 790 197 845 ims
222 788 360 860 pedicam,
390 787 521 857 equitibus
550 791 718 860 ortinpeotis.
762 783 807 843 De
833 784 978 862 equitibus
1009 787 1124 865 quidem
1153 786 1263 856 anius

145 889 233 950 nihil:
257 899 284 949 ai
302 894 430 964 insipniiu
452 887 521 947 dicit
543 895 616 948 milia
635 895 747 948 militum
766 901 824 949 ocio
846 895 927 950 urard
948 889 1031 970 (IV).
1068 891 1114 951 Ab
1131 890 1262 968 Corcyra

146 1006 243 1056 autem
261 998 288 1054 in
312 995 444 1072 proxima
467 994 549 1073 Epiri
572 996 685 1054 traiecit
711 1004 740 1054 et
764 996 791 1053 in
815 1005 909 1055 castra
933 997 1061 1057 Romana
1083 1000 1194 1075 magnis
1217 1000 1260 1058 iti·

144 1102 264 1163 ueribus
282 1099 447 1160 contendit:
477 1100 516 1160 ibi
546 1119 609 1160 cum
633 1101 664 1161 P.
688 1101 806 1161 Villium
837 1105 997 1180 superioris
1021 1106 1085 1164 anni
1110 1105 1261 1166 consulem

145 1209 320 1282 dimisisset,
351 1207 442 1284 ipsam
465 1206 666 1267 Macedoniam
695 1217 778 1268 recto
808 1209 911 1267 itinere
940 1227 993 1286 per
1017 1219 1112 1268 castra
1137 1210 1261 1271 hostium

144 1324 302 1394 penetrare
325 1313 444 1393 placuit.
484 1314 569 1387 Quod
592 1333 649 1393 qno
669 1315 756 1373 modo
775 1315 858 1373 tieret
880 1333 943 1374 cum
960 1334 1059 1393 parum
1078 1316 1260 1394 expedirent,

143 1423 209 1481 dies
238 1421 427 1499 quadraginta
453 1422 515 1479 sine
537 1421 598 1480 ulio
621 1430 725 1480 conatu
748 1421 887 1480 sedentes
906 1421 933 1477 in
954 1431 1115 1500 conspectu
1135 1422 1259 1483 hostium

144 1528 369 1605 absumpserunt
385 1525 497 1602 (Liuius
510 1526 619 1586 XXXII
631 1528 677 1606 9).
709 1527 778 1587 Cum
796 1529 881 1586 etiam
898 1547 968 1606 spes
986 1529 1150 1607 conloquiis
1167 1538 1258 1609 temp·

145 1634 251 1695 tandae
277 1634 357 1710 pacis
380 1633 463 1692 inrita
488 1633 661 1707 cecidisset,
692 1643 757 1692 ante
779 1635 920 1693 stationes
942 1633 1134 1696 Macedonum
1163 1637 1259 1696 miritis

144 1740 267 1820 proeliis
291 1737 405 1798 leuibus
427 1740 571 1818 utrimque
594 1740 700 1799 irustra
723 1749 880 1817 pugnatum
904 1750 949 1799 est
978 1740 1091 1818 (Liuius
1112 1742 1130 1801 l.
1148 1743 1166 1802 Ι.
1192 1744 1258 1822 iil).

144 1848 216 1908 'ium
234 1844 387 1924 Charopus
403 1847 541 1924 princeps
557 1845 752 1925 Epirotarum,
776 1848 824 1924 qni
839 1837 1018 1924 ‘noctesque
1036 1849 1158 1926 diesque
1179 1850 1261 1908 solli·

145 1945 240 2014 citari'
261 1951 448 2011 Flamininum
470 1952 560 2030 (dnn.
577 1971 605 2010 u.
619 1951 696 2031 338)
718 1954 871 2029 comperit,
893 1962 1041 2031 pastorem
1058 1955 1092 2014 ad
1109 1956 1259 2014 consulem

142 2062 243 2135 mittit,
282 2059 331 2136 qui
360 2060 384 2116 si
410 2058 476 2136 quid
502 2060 622 2135 praemii
653 2059 796 2118 relaturus
826 2069 907 2120 esset
936 2079 969 2118 se
1000 2079 1096 2120 curam
1123 2060 1178 2120 Titi
1203 2080 1259 2140 qua

144 2173 325 2244 coqueretur
351 2163 509 2223 leuaturum
537 2165 675 2242 promittit
708 2167 751 2240 (u.
779 2165 840 2225 339
870 2167 943 2244 sq).
994 2165 1091 2225 Nosse
1119 2168 1193 2225 enim
1227 2186 1259 2226 se

147 2288 249 2329 omnes
272 2272 408 2329 montium
432 2288 532 2329 eorum
556 2273 682 2348 quitum
707 2273 796 2348 regiis
820 2273 924 2330 castris
950 2270 1123 2330 tenebantur
1147 2272 1260 2333 anfrac-

145 2387 191 2437 tus
221 2375 374 2452 callesque
404 2395 438 2436 ac
466 2386 577 2454 partem
609 2378 757 2454 copiarum
785 2375 976 2436 Romanarum
1005 2395 1061 2435 non
1088 2379 1185 2457 iniquo
1206 2397 1261 2440 nec

145 2481 313 2562 perdiiiiciii
336 2481 414 2542 aditu
436 2500 526 2560 super
541 2491 629 2559 caput
643 2481 767 2541 hostium
785 2483 965 2544 educturum.
987 2483 1163 2544 Flamininus
1180 2486 1260 2545 initio

144 2589 294 2650 haesitans
324 2605 382 2646 non
407 2588 478 2647 nihil
504 2587 608 2647 deinde
638 2598 773 2666 quattuor
795 2589 871 2648 milia
901 2590 978 2649 lecta
1000 2591 1127 2668 peditum
1151 2602 1180 2652 et
1202 2603 1260 2652 tre·

145 2704 250 2756 centos
272 2695 386 2772 equites
411 2696 496 2753 mittit
519 2696 567 2772 qui
588 2714 603 2754 a
626 2704 744 2771 pastore
768 2699 795 2755 in
818 2699 964 2756 cacumina
980 2695 1170 2757 Macedonum
1196 2715 1260 2755 cas·

143 2805 195 2863 tris
232 2802 396 2860 inminentia
438 2800 731 2860 circumducerentur.
786 2803 867 2876 Quos
902 2810 946 2862 itte
981 2811 1027 2862 uir
1061 2807 1129 2861 haut
1158 2822 1260 2877 mopnu

145 2933 208 2971 mam
229 2929 262 2968 rc
282 2917 324 2967 set
342 2896 445 2982 pieuc'
467 2911 535 2981 fidei
553 2907 597 2983 (u.
616 2906 694 2985 342)
718 2909 745 2966 in
768 2909 906 2967 uerticem
933 2901 1017 2986 quem
1042 2907 1180 2986 petebant
1201 2907 1259 2965 Ro·

144 3018 220 3077 mani
244 3014 336 3074 tribus
356 3011 490 3071 noctibus
514 3011 564 3087 (ir.
582 3012 638 3091 Vl)
661 3049 702 3060 —
723 3031 836 3093 pernox
860 3016 932 3072 enim
956 3015 1011 3071 iter
1033 2998 1101 3071 esse
1128 3011 1260 3071 Flamini·

144 3145 197 3184 nus
214 3125 341 3182 iusserat
357 3152 399 3165 -
418 3118 561 3196 perduxit.
606 3118 677 3178 Tum
701 3120 752 3193 iiii,
774 3118 936 3182 Flaminino
960 3116 1007 3177 ulti
1030 3119 1141 3193 signum
1160 3117 1196 3175 ab
1217 3120 1260 3176 eis

145 3231 265 3308 accepit
300 3235 395 3287 castra
433 3224 556 3283 hostium
584 3222 714 3282 omnibus
741 3224 835 3301 copiis
865 3232 1072 3301 oppugnante,
1107 3223 1204 3281 subito
1233 3223 1260 3281 in

143 3337 321 3398 Macedonas
337 3335 365 3392 in
387 3330 575 3390 Flamininum
600 3346 704 3388 uersos
728 3330 864 3407 impetum
888 3347 903 3387 a
927 3337 1011 3405 tergo
1034 3329 1176 3388 iecerunt.

228 3441 271 3501 lta
290 3440 427 3499 contexui
440 3436 511 3496 hiuii
527 3438 590 3496 iere
607 3432 734 3512 (XXXII
745 3433 774 3493 o.
795 3435 842 3494 10.
864 3434 919 3513 11)
936 3443 964 3493 et
976 3434 1059 3494 Ennii
1075 3434 1172 3494 uerbis
1189 3443 1259 3513 poit-

144 3560 190 3611 tae
208 3548 414 3619 narrationem,
427 3543 503 3602 unde
520 3543 630 3620 aliquot
645 3559 748 3599 uersus
762 3539 867 3600 Cicero
883 3540 937 3601 Titi
952 3543 1139 3619 praenomine
1157 3541 1259 3602 Flami·

143 3659 210 3716 nino
223 3664 253 3715 et
266 3654 365 3712 Attico
378 3651 520 3708 communi
536 3649 696 3707 admonitus
709 3649 825 3707 ineunte
839 3646 950 3708 Catone
965 3649 1074 3708 maiore
1087 3648 1122 3708 ad
1134 3649 1261 3708 Atticum

144 3781 224 3821 suum
244 3755 484 3819 accommodauit.
508 3754 553 3813 De
566 3754 669 3830 quihus
682 3753 841 3813 Columnae
855 3754 1044 3831 Merulaeque
1065 3754 1261 3814 hariolationi·

143 3867 196 3926 bus
214 3867 380 3942 Ritterique
398 3863 593 3940 disputatione
611 3859 748 3938 (Ephem.
763 3863 850 3938 antiq.
867 3860 991 3920 Darmst.
1010 3879 1035 3919 a.
1054 3860 1132 3921 1840
1150 3881 1179 3940 p.
1199 3861 1260 3921 379

144 3975 205 4052 sq.)
218 3970 340 4032 reiectis
362 3971 470 4048 optime
484 3966 622 4027 Nicolaus
639 3964 787 4025 iliaduicus
803 3965 911 4044 Opusc.
928 3967 1010 4026 acad.
1028 3965 1054 4024 11
1069 3986 1097 4045 p.
1118 3965 1178 4025 290
1194 3983 1259 4042 sqq.

145 4079 298 4138 disseruit:
324 4077 372 4154 qui
398 4084 427 4134 et
448 4074 520 4134 Liuii
543 4091 627 4150 quam
647 4075 771 4151 exposui
793 4074 987 4132 narrationem
1011 4072 1146 4131 indicauit
1166 4079 1195 4129 et
1213 4088 1258 4128 re-

145 4185 237 4244 licuus
270 4184 319 4260 qui
348 4182 469 4241 eandem
500 4199 561 4239 rem
586 4181 743 4255 tetigerunt
772 4181 932 4257 scriptores
965 4180 1085 4239 asciuit:
1114 4175 1258 4235 Plutarchi

144 4290 332 4351 Flamininum
350 4290 381 4364 4,
395 4287 544 4363 Polybium
561 4285 669 4345 XXVii
686 4285 734 4359 13,
750 4285 908 4344 Diodorum
924 4284 1050 4345 Siculum
1067 4285 1094 4342 in
1111 4283 1259 4359 excerptis
