2834 4988
534 391 775 461 RELIQVIAE
1146 387 1208 455 l'IV

591 561 717 632 XXXII

199 697 322 769 Fronto
341 698 446 790 Epist.
465 696 513 766 IV
534 705 606 787 3-p.
626 704 667 767 99
688 696 739 765 ed.
759 695 860 764 Rom:
883 698 1007 788 ‘neque
1029 694 1062 764 id
1090 715 1208 784 repre-

95 801 205 871 hendo
227 806 261 872 te
287 803 380 872 uerbi
402 799 619 871 translatione
640 799 800 869 audacius
824 820 1059 891 progressum:
1087 800 1209 891 quippe

97 905 152 998 qui
177 905 259 974 Enni
283 906 446 976 sententia
473 907 682 974 oratorem
712 902 905 972 audacem
931 925 1027 972 esse
1056 903 1210 974 debere
1308 938 1312 943 ·

96 1031 259 1077 censeam.
302 1009 351 1078 Sit
374 1031 455 1078 sane
474 1008 584 1077 audax
604 1009 731 1092 orator,
760 1010 797 1075 ut
812 1005 939 1075 Ennius
957 1006 1121 1097 postulat,
1150 1009 1210 1077 sed
1303 1008 1306 1013 ’

97 1111 353 1203 asignilicando
373 1111 461 1205 quod
485 1110 556 1181 uolt
578 1110 689 1205 eloqui
710 1132 873 1206 nusquam
897 1108 1119 1202 digrediatur?

583 1262 724 1333 XXXIII

181 1378 311 1450 'Varro
336 1380 377 1450 de
402 1381 438 1450 L.
457 1380 494 1450 L.
522 1381 568 1451 IX
591 1391 650 1452 107
672 1382 715 1451 M.
750 1384 918 1473 ‘oporteat
938 1381 999 1451 dici
1020 1381 1146 1470 solui,
1173 1387 1210 1453 ut

99 1481 180 1553 Cato
202 1488 234 1553 et
255 1484 381 1553 Ennius
403 1484 531 1570 scribit,
559 1508 626 1555 non
646 1489 683 1554 ut
702 1486 778 1555 dicit
797 1485 923 1576 uolgus
946 1486 1064 1555 solitus
1087 1488 1182 1556 sum!

575 1636 720 1706 XXXIV

199 1754 319 1825 Festus
342 1777 373 1845 p.
393 1763 452 1826 351
471 1755 514 1825 M.
542 1754 746 1845 ‘tappete’
766 1753 1005 1847 (tappetae,
1026 1755 1125 1828 immo
1141 1763 1210 1828 ta-

96 1862 235 1949 petae,
261 1858 421 1950 Vrsinus)
445 1865 506 1929 ‘ex
527 1857 654 1929 Graeco
684 1856 849 1952 sumlpsit]
879 1913 1034 1929 .....
1061 1866 1116 1931 tae
1137 1862 1210 1931 En-

67 1963 171 2032 ·nius
204 1985 277 2031 curn
315 1962 360 2031 ait
398 1967 411 2032 t
438 2014 739 2032 .........
767 1961 831 2032 lius
864 1964 896 2032 in
921 1962 1107 2036 Demetrio!
1161 1967 1210 2035 De

95 2069 250 2156 tapeta,
278 2069 450 2157 tapetae
476 2067 517 2136 cf.
543 2065 667 2135 Placidi
695 2065 813 2136 Gloss·
838 2065 892 2155 (Α.
915 2067 978 2137 Mai
1006 2074 1091 2138 auct.
1111 2069 1208 2139 class

96 2169 236 2259 111481)
266 2169 436 2255 ‘lebeta,
462 2170 544 2255 olla,
573 2169 706 2263 generis
725 2169 890 2239 feminini?

585 2319 717 2390 XXXV

200 2435 338 2506 Seruius
364 2436 396 2505 in
416 2438 498 2507 Aen.
517 2438 578 2508 XII
597 2447 658 2510 298
690 2444 782 2507 ‘nam
803 2438 882 2508 illud
903 2438 996 2508 Ennii
1023 2447 1055 2507 et
1074 2437 1210 2508 Pacuuii

96 2540 227 2631 penilus
255 2540 295 2609 de
320 2563 384 2610 usu
414 2544 568 2627 recessit,
596 2546 633 2614 ut
659 2541 724 2610 hic
745 2542 1031 2629 torruS„huius
1051 2541 1132 2614 torri
1155 2543 1210 2613 di-

96 2643 229 2715 camus!

579 2747 724 2819 XXXVI

199 2877 338 2946 Seruius
372 2878 405 2945 in
429 2879 514 2947 Aen.
541 2878 676 2969 Vl779
712 2879 873 2974 ‘uidenz
914 2877 989 2946 den
1019 2879 1211 2950 naturaIIter-

95 2978 199 3070 longa
216 2986 277 3063 est,
306 2979 440 3050 breuem
455 2983 565 3049 tarnen
583 2981 670 3051 eam’
694 2980 835 3079 (etiarn
855 2981 927 3050 cod.
947 2981 1056 3072 Iluld.)
1081 2983 1210 3073 ‘posuit

97 3084 232 3151 secutus
252 3081 412 3151 Ennium?

569 3185 729 3256 XXXVII

199 3314 401 3386 Censorinus
424 3316 539 3386 dedic
564 3321 628 3388 nat.
654 3341 681 3388 c.
704 3328 741 3388 19
769 3341 800 3409 p.
824 3328 863 3387 57
890 3316 984 3387 Jalrn.
1014 3316 1094 3386 ‘hoc
1122 3321 1209 3385 tem-

95 3419 270 3511 pus'=(sc.
294 3420 424 3509 annus)
456 3425 555 3514 ‘quot
585 3422 710 3491 dierum
737 3426 826 3501 esset
850 3421 892 3491 ad
913 3423 1037 3490 certum
1063 3422 1208 3490 nondurn

95 3523 256 3616 astrologi
282 3524 427 3615 reperire
454 3529 641 3615 potuerunt.
690 3527 859 3595 Philolaus
882 3545 1002 3594 annum
1027 3525 1209 3595 naturalem

31 3716 35 3721 Ι
95 3627 165 3695 dies
199 3627 320 3697 habere
352 3628 496 3719 prodidit
534 3628 718 3700 CCCLXIII
870 3633 903 3698 at
937 3631 1050 3698 noster
1081 3629 1207 3720 Ennius

10 3722 83 3831 ἧχ’
96 3726 304 3831 (ξῦῦῑΧνΙῖ

566 3850 739 3921 XXXVIII

10 3966 79 4051 Ψ
200 3976 402 4049 Censorinus
426 3981 467 4049 de
492 3981 544 4050 die
568 3988 633 4053 nat.
658 4006 685 4052 c.
705 3992 745 4053 24
773 4006 805 4074 p.
827 3993 864 4053 71
892 3982 988 4053 Jahn.
1023 3986 1116 4073 ‘post
1144 4004 1207 4050 su-

20 4080 31 4115 *
97 4103 241 4170 premam
265 4084 413 4173 sequitur
441 4106 597 4174 uespera,
626 4090 701 4156 ante
725 4091 830 4156 ortum
856 4087 979 4156 scilicet
1000 4085 1071 4154 eius
1091 4085 1207 4154 stellae

96 4207 194 4276 quarn
216 4184 354 4255 Plautus
378 4189 652 4279 uesperuginern,
688 4191 815 4260 Ennius
840 4211 1079 4280 uesperum,
1115 4188 1206 4257 Ver-

95 4289 196 4380 gilius
219 4289 384 4379 hesperon
405 4291 568 4380 appellat!

933 4406 973 4469 12
985 4409 1007 4441 *-
