2834 4988
579 419 808 475 ENNIANAE
1216 426 1254 473 LI

143 601 244 661 qnam,
285 583 361 661 qnod
396 584 468 643 inira
502 584 611 658 dicam,
653 586 737 644 etiam
774 583 829 643 alia
866 584 928 642 eius
961 601 1065 642 uersus
1096 584 1183 644 sedes
1224 586 1251 643 in

143 699 277 770 promptu
297 699 351 749 est.
387 690 477 749 Paulo
497 690 706 764 confidentius,
729 691 861 768 quoniam
885 709 922 748 ex
947 690 1005 749 hoc
1027 690 1122 749 anuali
1137 692 1251 764 citatur,

143 800 178 858 ad
207 798 283 858 idem
308 796 379 856 belli
402 796 550 856 Tarentini
579 798 660 875 quasi
687 796 886 875 prohoemium
906 795 941 854 fr.
966 796 1139 871 Xreuoeo‚
1171 806 1201 854 ut
1223 798 1250 855 in

144 904 246 964 subitis
273 903 376 982 quales
403 902 543 963 Aemilius
571 904 641 963 lecit
670 902 906 982 praedationibus
939 902 1035 961 locum
1067 905 1251 962 nanciscatur

143 1028 235 1069 snum.
280 1010 339 1069 Sed
358 1008 397 1067 ibi
419 1010 483 1068 dum
506 1009 648 1069 Aemilius
671 1019 820 1083 uersatur,
841 1008 967 1067 Marcius
990 1007 1095 1083 rebus,
1121 1010 1156 1068 ad
1179 1026 1250 1086 quas

143 1118 246 1176 missus
276 1125 354 1191 erat,
384 1114 573 1175 Etruscorum
601 1118 725 1177 nondum
749 1116 875 1194 peractis
899 1114 1018 1172 Romam
1041 1115 1116 1174 redit
1140 1116 1251 1174 accitus

142 1233 173 1282 nt
194 1224 344 1283 uidetnra
366 1230 486 1295 senatu,
512 1222 560 1300 qui
584 1224 809 1301 ‘expectatione
825 1218 926 1294 Pyrrhi
946 1220 1090 1280 sollicitus
1106 1220 1251 1299 praesidia

143 1329 270 1406 undique
297 1326 505 1406 conquirebat'
542 1327 601 1406 (cl.
629 1327 819 1387 Freinshemii
845 1325 995 1404 Supplem.
1026 1327 1086 1386 Liu.
1115 1326 1142 1386 ll
1171 1325 1249 1404 2i):

144 1434 299 1514 triumphat
323 1434 359 1493 de
388 1432 520 1492 Etruscis
549 1432 591 1511 (a.
620 1454 647 1492 u.
678 1454 703 1494 c.
730 1432 792 1493 472
818 1431 852 1491 tt.
883 1431 1013 1513 Aput),
1044 1452 1079 1492 ac
1110 1435 1250 1510 deinceps

141 1540 222 1599 urhis
239 1540 398 1600 custodiam
413 1539 595 1616 moderatur,
619 1541 738 1618 primum
755 1539 873 1613 consul,
898 1538 1012 1616 quando
1028 1541 1151 1599 nondum
1168 1558 1251 1618 prae·

142 1647 264 1706 terierat
286 1664 376 1706 annus
399 1643 580 1719 consularis,
605 1655 710 1722 postea
733 1645 775 1721 (a.
800 1664 826 1706 u.
847 1663 872 1704 c.
888 1644 966 1724 473)
990 1656 1123 1723 praetor:
1145 1654 1252 1705 utnon

144 1769 276 1811 seorsum
307 1771 323 1813 a
352 1759 452 1809 nostra
483 1750 625 1808 sententia
655 1748 773 1809 Cassius
796 1750 916 1810 Hemina
944 1771 959 1810 a
983 1762 1120 1831 praetore
1142 1752 1252 1811 Marcio

144 1858 329 1935 conscriptos
352 1857 529 1936 proletarios
551 1855 700 1915 tradiderit
709 1854 751 1934 *).
796 1855 887 1916 Fanet
909 1859 1072 1917 sententiae
1094 1857 1171 1936 quod
1196 1856 1251 1915 Zo-

143 1980 229 2023 naras
247 1962 315 2022 Vlll
337 1962 354 2023 3
378 1982 407 2042 p.
432 1962 491 2023 1111
514 1962 560 2022 ed.
583 1961 673 2020 Bonn.
697 1961 786 2019 misso
809 1972 909 2022 contra
931 1964 1103 2023 Tarentinos
1124 1962 1250 2022 Laeuino

142 2076 257 2146 partem
279 2068 427 2146 copiarum
449 2068 477 2126 in
499 2067 571 2126 urbe
589 2067 720 2127 relictam
737 2078 957 2135 commemorat;
982 2088 1044 2128 eam
1061 2068 1136 2127 haud
1153 2067 1252 2143 dubie,

143 2192 230 2252 quam
249 2172 375 2233 Marcius
403 2180 523 2251 praetor
551 2171 692 2248 regebat:
725 2173 762 2231 de
786 2172 889 2233 Rufino
911 2176 1052 2235 dictatore
1077 2173 1252 2233 Niebuhrius

144 2278 255 2355 cogitat
284 2277 324 2338 lll
353 2279 414 2338 579
441 2279 543 2337 nescio
570 2296 628 2355 quo
660 2279 732 2338 iure.
780 2278 926 2340 Consules
956 2291 1037 2343 certe
1065 2282 1113 2360 qui
1141 2280 1251 2340 Marcio

143 2382 329 2462 Aemilioque
352 2393 575 2459 successerunt,
599 2393 721 2463 uterque
743 2388 772 2446 in
795 2396 890 2448 castra
911 2388 1037 2467 proiecti
1060 2397 1158 2447 erant:
1180 2386 1252 2447 Lac·

143 2492 245 2566 ninus,
268 2491 306 2549 uti
329 2491 403 2567 dixi,
428 2499 529 2551 contra
552 2489 741 2568 Tarentinos,
766 2493 809 2553 Ti.
836 2493 1033 2554 Coruncanius
1056 2495 1084 2552 in
1107 2495 1253 2554 desertam

143 2596 182 2656 ab
201 2594 311 2657 Marcio
327 2595 460 2656 Etruriae
481 2597 675 2681 prouinciam:
699 2600 776 2659 unde
801 2610 831 2659 et
853 2602 918 2679 ipse
941 2608 1009 2678 post
1031 2618 1147 2678 pugnae
1162 2600 1252 2660 Hera·

145 2703 274 2762 cleensis
297 2702 444 2762 infelicem
469 2702 576 2760 exitum
593 2703 628 2761 ad
645 2707 819 2781 praesidium
838 2708 917 2767 urhis
931 2715 1098 2766 reuocatnr.
1132 2705 1177 2766 Cf.
1196 2706 1251 2765 Zo-

144 2826 231 2868 naras
258 2807 326 2867 Vlll
352 2808 372 2866 4
402 2825 431 2885 p.
465 2806 523 2865 114
549 2808 596 2867 ed.
623 2808 713 2869 Bonn.
773 2814 842 2872 Post
873 2830 998 2891 pugnarn
1024 2811 1252 2873 Heracleensem

143 2913 273 2989 Pyrrhus
307 2913 514 2990 ‘interemptos
544 2918 684 2975 cremauit
718 2920 910 2997 captiuosque
940 2918 1124 2994 indulgenter
1156 2917 1254 2977 hahuit

146 3029 176 3079 et
204 3021 267 3079 sine
295 3019 390 3097 pretio
418 3020 561 3096 restitnit,
592 3022 745 3102 missisque
767 3024 873 3102 legatis
895 3025 924 3082 in
946 3023 1045 3082 urbem
1070 3024 1145 3083 omni
1166 3023 1253 3082 modo

145 3125 263 3186 adnisus
287 3134 332 3184 est
353 3134 384 3184 nt
405 3125 483 3184 lacto
512 3125 634 3187 foedere
658 3130 685 3187 iu
710 3132 861 3189 amicitiam
878 3131 1084 3207 reciperetur!
1129 3124 1175 3184 Ex
1198 3125 1254 3185 hac

145 3231 226 3291 niort
248 3230 342 3310 (Epit.
364 3230 377 3290 l
400 3230 437 3291 13
460 3249 489 3309 p.
512 3230 551 3290 24
574 3233 675 3313 Jahn.)
705 3235 869 3294 narratione
895 3236 1089 3313 proximorum
1109 3232 1254 3309 fragmen·

146 3347 240 3397 torum
262 3334 459 3415 (tn-xvh)
481 3355 587 3398 nexum
609 3358 859 3419 progressumque
884 3342 953 3401 licet
973 3342 1066 3401 animo
1088 3339 1253 3398 informare.

146 3442 191 3502 Ac
205 3443 241 3503 lr.
260 3440 456 3505 mouturam
472 3445 577 3521 multa,
599 3447 635 3506 de
651 3466 707 3526 qna
722 3446 796 3506 inira
812 3447 938 3508 delibaui
954 3445 1107 3527 quaedam,
1124 3444 1254 3504 doctrina

145 3549 326 3609 inlustrauit:
351 3567 408 3627 quo
428 3553 608 3629 pertinerent
623 3572 727 3612 uersus
743 3572 798 3613 nec
817 3556 881 3633 ipse
899 3574 955 3615 nec
969 3552 1082 3613 Merula
1096 3559 1144 3609 aut
1161 3550 1255 3609 editor

85 3659 90 3673 ‘
146 3654 307 3734 Lipsiensis
334 3658 497 3733 persensit:
530 3657 566 3717 de
598 3658 694 3718 classe
719 3660 792 3718 enim
816 3662 869 3721 suh
893 3663 1000 3721 initium
1023 3658 1094 3720 belli
1117 3655 1214 3716 Punici
1239 3671 1254 3712 a

148 3840 356 3849 ψ

218 3964 246 4031 *J
263 3966 329 4016 Hinc
346 3966 453 4029 adparet
469 3967 575 4015 secundi
595 3969 694 4018 arnualis
712 3969 833 4019 Heminae
850 3967 913 4015 fines
932 3965 1059 4028 aliquanto
1080 3966 1180 4030 luingius
1198 3980 1256 4029 pro-

150 4052 268 4103 terendos
291 4068 348 4103 esse
368 4067 443 4114 quum
465 4068 481 4100 a
503 4051 663 4118 Schweglero
688 4054 782 4103 laetrnn
807 4054 882 4103 uideo
906 4053 967 4103 Hist.
994 4054 1065 4104 ltom.
1087 4054 1097 4100 Ι
1118 4052 1162 4104 87.
1205 4049 1257 4098 Nec

151 4139 310 4203 inprobabile
338 4139 441 4188 uidetur
467 4137 598 4187 Heminam
625 4142 708 4205 primo
735 4142 819 4190 anuali
847 4141 948 4189 urbium
973 4138 1117 4187 italicorum
1144 4137 1257 4200 origines

152 4231 285 4286 tractasse,
310 4226 423 4274 seeundo
446 4240 534 4274 omnes
555 4241 595 4275 res
622 4227 679 4275 iude
697 4242 712 4274 o
730 4227 826 4276 Rornae
852 4226 998 4290 primordiis
1015 4224 1143 4286 usquead
1162 4222 1256 4269 exitum

152 4308 207 4358 belli
223 4311 356 4359 Tarcrrtini
374 4311 610 4376 comprehendisse,
629 4313 703 4361 tertio
722 4320 861 4373 qnmtoque
879 4311 945 4361 bella
963 4312 1057 4358 Punico
1075 4322 1217 4358 enarrasse.

1006 4392 1052 4451 d*
