2834 4988
369 344 681 493 eversumque
703 349 937 470 ennianae
971 377 974 383 '
1146 407 1209 455 xm

97 566 206 617 caea:
224 567 255 618 nt
274 563 303 620 C.
326 565 456 648 Octonins
477 567 632 640 lampadii
653 566 756 626 Naeuii
775 568 912 654 an'cnm
933 567 1039 637 cotom,
1060 566 1135 640 qnod
1153 583 1209 624 nno

15 732 28 751 1
82 669 233 726 notamine
250 677 281 744 et
298 676 447 730 continenti
465 678 608 749 scriptura
629 677 786 748 sepositam
805 675 896 733 liant
918 678 948 732 in
977 681 1081 748 septem
1110 673 1208 730 libros.-

93 781 127 869 ξιτ
139 782 237 847 postca
251 776 284 845 Q.
306 779 490 854 Vnrpnntcias
508 784 625 840 annales
645 783 755 851 Ennii,¹
767 797 836 855 qnos
856 784 939 838 certo’s
956 781 1051 838 diebus
1063 782 1092 836 in
1106 776 1208 852 magna

91 880 254 956 frequentia
281 889 494 958 pronuntiabat:
531 897 563 947 nt
591 889 703 957 Laelius
736 888 892 947 Archelaus
952 888 1113 962 Vectinsqne
1140 885 1216 943 Pte·

16 1017 19 1022 ·
96 988 339 1070 incombustis·
358 1002 481 1053 sanans.
518 974 557 1055 At
581 1012 598 1055 a
619 994 759 1056 Suetonio
788 991 859 1052 nihil
882 980 940 1052 tale
961 992 1116 1052 memorari
1138 1007 1208 1051 con·

95 1093 200 1174 cebet,
232 1096 282 1174 qui
306 1097 397 1160 uerba
425 1102 638 1163 ctseutentiae
660 1120 765 1162 nexum
788 1099 909 1179 propius
932 1095 1097 1177 aspexerit:
1127 1094 1208 1154 cuius

93 1202 132 1263 de
151 1220 187 1264 ea
208 1220 241 1263 re
263 1204 410 1267 silentium
431 1206 498 1267 mihi
522 1207 597 1269 adeo
620 1226 674 1289 pro
698 1208 808 1270 diserto
834 1204 902 1267 e'sse
931 1201 1097 1267 testimonis
1128 1200 1208 1261 uide·

94 1319 152 1370 tur.
208 1310 317 1373 Verum
344 1313 419 1374 alios
449 1315 523 1376 duos
547 1313 666 1394 prodire
697 1323 789 1382 testes
825 1313 929 1390 iubeo,
966 1311 1015 1392 qui
1052 1308 1130 1388 quob
1155 1308 1208 1370 ille

94 1418 221 1480 tacendo
244 1423 333 1484 docet
355 1431 457 1501 aperte
477 1431 508 1483 et
530 1431 560 1483 ut
582 1422 658 1483 absit
679 1419 966 1483 dubitatiotradunt.
1000 1417 1110 1499 Plinius
1131 1417 1208 1477 euim

93 1525 170 1604 naen
197 1526 226 1586 m
252 1528 517 1591 macarianam
541 1505 616 1608 (vu
640 1524 852 1608 munna:
876 1529 910 1598 o.
927 1530 1036 1586 reem
1057 1528 1091 1584 r.
1113 1530 1208 1587 caee-

93 1638 161 1694 linm
178 1615 312 1695 Dentrem
330 1637 508 1714 fratremque
536 1641 595 1697 eins
612 1639 769 1713 praecipue
789 1622 907 1694 nirotrcs
922 1643 1044 1710 propter
1076 1651 1123 1694 eos
1141 1651 1209 1694 sen·

74 1750 152 1800 .tnm
173 1745 317 1803 decom
338 1747 439 1803 ament
455 1727 599 1804 annalem.
643 1741 726 1815 Quae
743 1739 882 1800 memoria
897 1737 1011 1814 hausta,
1029 1747 1065 1799 ‘ut
1081 1739 1207 1819 uidetur,

95 1865 135 1907 ex
158 1849 282 1908 uetustis
312 1850 434 1933 alicuius
456 1830 635 1929 grammatici
658 1846 872 1908 commentariis
897 1843 1069 1906 difficultate
1092 1846 1208 1924 quidem

94 1941 223 2035 inpedita
246 1965 293 2016 est
314 1957 412 2036 aliqua
420 1944 436 2034 ,-
453 1975 539 2036 quam
560 1971 614 2015 suo
635 1953 703 2016 loco
727 1969 904 2033 proponam:
927 1949 986 2011 hoc
1006 1960 1101 2012 tamen
1118 1950 1207 2031 adpa-

94 2071 157 2140 ret,
185 2065 225 2124 ita
241 2048 302 2124 'uec
322 2064 443 2125 Plinium
466 2082 521 2125 nec
548 2080 630 2138 eum,
654 2053 742 2121 'cuius
764 2059 815 2121 ille
840 2059 1043 2128 auctoritatem
1064 2059 1207 2137 sequitur,

95 2168 255 2230 locuturos
274 2169 385 2249 fuisse,
413 2172 468 2231 nisi
489 2169 611 2230 Ennium
639 2185 755 2229 carmen
778 2184 833 2246 per
861 2165 993 2244 singulos
1023 2164 1115 2235 libros
1138 2182 1207 2227 con·

86 2275 254 2354 ¹scripsisse
276 2293 331 2356 pro
355 2286 507 2358 comperto
530 2277 643 2345 inisset.
680 2274 778 2353 Atque
799 2275 887 2336 tertio
911 2259 977 2335 unte
1000 2271 1110 2334 obitum
1132 2289 1208 2334 auno

95 2379 366 2460 duodeuigesimum
401 2379 533 2445 annalem
567 2383 689 2460 adiecit,
725 2383 789 2462 ipse
822 2382 896 2444 banc
924 2383 1073 2443 inmensae
1104 2380 1211 2460 poesis

95 2489 179 2565 quasi
208 2489 320 2550 calcem
352 2491 476 2552 futuram
508 2492 708 2570 praesagiens.
754 2489 796 2550 lta
825 2490 900 2549 enim
919 2487 995 2550 alter
1027 2506 1113 2568 quem
1140 2506 1208 2568 pro·
1277 2494 1286 2521 ⁰

96 2596 200 2655 uocaui
222 2597 324 2674 testis,
355 2595 466 2659 Gellius
491 2596 602 2676 (nn.
626 2594 708 2657 xvtt
731 2594 804 2676 21):
830 2600 973 2658 Olnndmm
993 2580 1019 2658 at
1043 2600 1209 2658 Tuditanum

95 2707 222 2787 consoles
245 2712 379 2771 emantur
401 2706 434 2777 Q.
463 2707 591 2764 Valerios
619 2711 644 2763 et
668 2707 697 2764 C.
720 2705 877 2778 Mamilius,
905 2707 1003 2781 onibus
1027 2713 1123 2765 nomm
1149 2722 1210 2764 esse

96 2810 129 2879 Q.
156 2812 281 2869 Enniam
305 2817 417 2887 peltam
444 2813 487 2870 M.
522 2813 614 2870 Varro
642 2815 671 2869 in
699 2815 790 2884 primo
817 2814 852 2871 (lc
873 2815 964 2886 poitis
990 2813 1059 2870 libro
1089 2815 1210 2888 scripsit,

97 2932 212 2992 nanque
234 2936 296 2978 acm
314 2925 461 2995 septimam
481 2929 507 2978 et
525 2921 730 2993 sexagesimam
749 2919 994 2991 annominaret,
1020 2921 1209 2994 dnodcnipesl
1247 2966 1251 2975 .
1376 2918 1382 2927 “

96 3041 169 3081 mam
190 3028 321 3084 annalem
341 3030 489 3101 scripsisse
508 3027 591 3101 itique
608 3029 699 3103 ipsam
718 3010 840 3084 Ennium
859 3029 888 3083 in
906 3027 999 3084 eodem
1015 3027 1084 3084 libro
1105 3028 1208 3084 cluere.

97 3124 293 3190 Coniecturae
313 3131 460 3210 -quidem,
488 3148 547 3191 non
580 3130 720 3191 librorum
755 3131 936 3206 auctoritati,
971 3117 1103 3190 debetur
1124 3128 1208 3205 illut,

97 3236 175 3312 quod
198 3230 321 3316 scripsi,
353 3237 621 3317 duodeuigesimum
648 3235 796 3313 annalem,
828 3254 893 3298 cum
913 3234 980 3296 libri
1000 3234 1064 3296 iere
1086 3235 1114 3296 in
1137 3236 1209 3297 buo·

97 3340 211 3403 decimo
232 3345 436 3428 consentiente
460 3364 517 3407 nec
536 3344 621 3406 dubia
643 3342 807 3404 emendatio
840 3342 1027 3422 respicienti,
1051 3348 1136 3422 quam
1157 3361 1209 3423 pa·

97 3467 158 3508 rum
188 3449 343 3529 probabile
370 3455 423 3530 sit,
455 3454 547 3515 tribus
575 3453 656 3512 annis
679 3452 727 3531 qni
750 3451 827 3512 uitae
854 3439 1000 3530 postremi
1016 3460 1099 3533 erant
1122 3451 1211 3528 (obiit

98 3557 172 3615 enim
194 3560 436 3636 septuagenarius
462 3558 536 3621 anno
556 3560 592 3621 ab
609 3579 637 3620 u.
655 3578 680 3619 c.
699 3558 778 3639 585)
801 3565 918 3638 poetam
941 3576 995 3618 sex
1018 3558 1110 3620 libros
1133 3557 1210 3620 baud

93 3661 136 3722 ita
158 3672 284 3740 angusto
306 3664 413 3727 ambito
435 3645 649 3747 composuisse.
1164 3651 1167 3654 .

105 3785 107 3789 ’
173 3767 228 3829 ·1)e
257 3770 377 3832 numero
405 3791 558 3850 uersuum,
587 3782 659 3852 quot
678 3772 784 3851 singuli
806 3772 872 3832 libri
893 3773 1101 3848 continuerint,
1132 3771 1217 3851 peri·'

101 3873 230 3935 colosum
255 3885 300 3954 est
332 3878 439 3958 aliquid
465 3880 546 3941 uelle
576 3857 714 3940 statuere.
766 3880 971 3959 Amplissimos
997 3877 1090 3950 fuisse
1117 3877 1210 3939 libros

52 3993 75 4028 ·.
100 3981 268 4043 tractandae
293 3987 433 4047 materiae
455 3985 576 4047 ubertas
591 3980 721 4046 indicat:
751 4004 786 4046 ac
812 3987 964 4049 breuitatis
987 3983 1110 4046 studium
1138 3985 1210 4048 alie·

49 4142 51 4147 .
89 4103 163 4153 ,num
191 4098 255 4149 erat
279 4098 309 4150 et
338 4109 355 4152 a
377 4093 510 4153 carminis
531 4108 644 4172 genere
668 4101 697 4153 et
719 4101 749 4153 ut
772 4112 789 4153 e
811 4093 993 4172 longioribus
1011 4109 1092 4171 ·quae
1121 4110 1211 4172 super

101 4203 163 4253 sunt
185 4195 357 4274 fragmentis
379 4200 531 4280 dispicitur
554 4219 571 4262 a
591 4207 690 4280 pelta.
734 4199 842 4259 Verum
863 4207 959 4258 tamen
986 4200 1010 4258 si
1037 4197 1107 4259 licet
1129 4199 1157 4257 in
1176 4217 1209 4259 re

38 4294 57 4369 ‘i'
99 4294 225 4397 obscura
247 4303 416 4370 coniectura
429 4304 548 4384 ludere,
571 4325 647 4386 quae
669 4324 732 4368 eam
750 4306 950 4385 quamiantmo
971 4305 1124 4365 inlormaui
1146 4322 1210 4364 car·

523 4405 527 4411 .
929 4436 933 4448 ¹
953 4409 999 4464 b*
