2834 4988
138 413 226 461 Lt'lll
542 400 852 469 otaflstluxtss

138 588 189 628 res
202 570 296 643 gessit
316 584 373 625 non
388 567 581 642 insigniores.
601 566 654 624 sert
670 584 745 643 quiae
763 564 855 624 Ennio
869 582 968 623 annm
985 582 1057 624 suae
1073 563 1245 623 narrationis

140 674 283 753 praebere
302 683 434 751 possent.
459 672 505 732 st.
524 673 654 732 Zonaras
666 672 732 731 b'ltl
748 676 782 732 tt
798 691 827 750 p.
842 668 909 728 toa.
927 668 994 729 t'lll
1009 670 1047 730 to
1068 689 1097 748 p.
1117 668 1176 729 159
1197 668 1244 729 ed.

139 782 229 841 Boon
253 780 348 857 Atque
365 779 438 838 inira
454 779 591 857 exempto
604 779 754 837 ostendum
768 778 887 838 Ennium
902 778 988 835 etiam
1002 775 1071 836 alibi
1087 774 1180 835 ubere
1194 793 1245 835 ex·

140 886 328 966 posuissetis
344 885 443 959 rebus,
467 904 587 964 quarum
607 903 662 944 nos
683 886 770 945 natale
791 884 899 944 exilem
916 883 1045 942 notitiam
1065 881 1243 961 accepimus.

140 995 198 1055 Seri
220 1013 285 1055 eam
301 993 340 1052 ob
358 996 526 1053 tenuitatem
541 994 699 1051 memoriae
712 992 822 1069 Hugius
837 989 1031 1049 arbitrabatur
1044 987 1167 1049 Ennium
1189 1004 1246 1047 nnn

139 1103 175 1163 de
187 1102 239 1161 illo
249 1100 376 1159 Seruilio
388 1118 475 1178 quem
491 1098 550 1159 dixi
566 1098 618 1157 seul
633 1097 670 1156 de
686 1099 797 1157 iuniore
810 1098 900 1174 torqui.
913 1115 951 1155 eo
966 1097 1015 1173 qni
1027 1097 1055 1154 in
1067 1112 1163 1173 pugna
1172 1091 1245 1153 Can·

140 1210 221 1269 nensi
241 1208 356 1267 fortiter
376 1223 524 1285 pugnasse
545 1206 747 1281 communique
769 1203 854 1264 stade
870 1204 1017 1264 oeeidisse
1037 1201 1168 1263 traditur.
1200 1199 1244 1261 ct.

139 1317 235 1376 Liuius
254 1313 336 1374 xxti
352 1313 403 1373 to.
425 1312 477 1371 ta.
532 1310 618 1384 Quod
639 1312 695 1370 etsi
714 1312 776 1369 tieri
799 1311 931 1388 potuisse
951 1326 1009 1368 non
1028 1326 1125 1385 nego,
1146 1316 1244 1386 persto

140 1432 251 1487 tamen,
274 1420 409 1498 quoniam
430 1418 573 1478 resedere
596 1418 634 1476 uit
658 1419 753 1493 erigit.
777 1417 804 1475 in
822 1417 961 1476 memoria
981 1413 1068 1474 Gellii
1087 1415 1136 1493 qui
1154 1412 1245 1473 Xllb

140 1548 157 1586 e
180 1528 321 1604 septimo.
351 1543 407 1583 troo
435 1526 481 1583 eui
505 1524 555 1582 itte
579 1523 704 1581 uindieat
732 1531 841 1581 eretauo
867 1520 963 1581 annali
994 1520 1186 1599 imgmerunm
1207 1521 1244 1579 oi·

140 1635 226 1691 tnuit:
258 1649 429 1709 quiamrquam
462 1648 563 1689 uestrum
596 1631 785 1687 occasionem
817 1647 952 1687 uersuum
985 1629 1094 1688 certius
1126 1626 1245 1687 definire

141 1758 195 1817 per
217 1757 252 1797 ea
275 1755 350 1815 qnae
373 1737 410 1795 de
432 1736 566 1797 Seruiliis
587 1735 776 1814 perhibentur
797 1752 855 1794 mm
876 1734 955 1793 lieet.

228 1843 273 1901 no
298 1842 354 1902 boe
380 1842 487 1903 belbrm
518 1840 635 1901 ascribo
663 1850 817 1918 praeterea
847 1840 883 1899 ir.
905 1839 964 1903 lx.
994 1840 1032 1900 de
1059 1857 1118 1917 qno
1146 1838 1246 1899 nescia

141 1970 176 2010 att
198 1970 215 2009 θ
232 1950 318 2010 Gellii
337 1949 583 2010 uerbist'1115
601 1954 652 2007 tm
669 1968 730 2008 carru
748 1955 872 2024 pronaum
891 1966 991 2007 trema·
1004 1964 1160 2022 pomparum
1176 1966 1244 2021 prn-

140 2065 309 2117 nmrtiuntem
326 2061 497 2115 ‹rrrriiuimuss
514 2060 630 2129 ‹terripne
641 2098 648 2109 .
658 2098 665 2111 .
674 2098 681 2111 .
690 2061 834 2129 proimmr
849 2072 924 2113 sese:
941 2072 1029 2129 erepere·
1045 2058 1137 2112 inuitis
1150 2062 1247 2127 postea

142 2169 267 2224 cerambus
287 2168 389 2221 «inuias
412 2162 612 2219 ‹eruto-motus
632 2180 693 2219 earm
715 2164 943 2235 turroonoouspn·
973 2163 1096 2219 sumntum
1116 2163 1247 2233 ribemot,

142 2269 251 2345 eerntigi
273 2267 398 2339 debeat,
421 2282 479 2324 non
496 2265 584 2341 longe
607 2265 677 2326 iliud
692 2284 709 2325 a
726 2266 783 2325 tine
805 2264 870 2325 iibri
891 2266 1017 2327 afuisse:
1040 2284 1127 2344 quem
1146 2264 1248 2326 librunr

143 2375 208 2433 inde
231 2373 352 2450 adparet
380 2388 437 2429 non
460 2372 534 2429 inter
553 2370 708 2429 interiores
730 2370 821 2430 tuisse
848 2374 897 2451 qui
917 2373 953 2433 ml
975 2372 1121 2452 publicam
1145 2372 1248 2433 recita·

144 2482 250 2538 tionem
273 2476 463 2552 deligeretur.
508 2473 625 2533 Poterat
643 2486 739 2535 autem
759 2495 863 2536 uersus
884 2477 954 2553 tue,
976 2479 1120 2557 siquidem
1142 2478 1248 2539 bellum

143 2585 279 2644 Punicum
297 2583 418 2660 primum
439 2580 475 2640 ad
497 2589 658 2640 extremum
674 2582 777 2642 tibrum
797 2585 953 2661 pertinuit,
976 2585 1024 2644 uel
1046 2586 1074 2644 in
1090 2582 1248 2664 Xanthippi

144 2707 241 2768 pugna
263 2688 358 2747 losum
379 2686 488 2745 babere
510 2686 587 2744 eonl.
608 2687 731 2762 Polybio
751 2687 765 2747 l
787 2689 825 2749 :tt
848 2682 910 2765 ἅμα
929 2686 962 2749 δὲ
982 2692 1023 2773 spi
1043 2678 1097 2752 τὸν
1113 2682 1248 2755 Ξάνθιπ-

143 2817 201 2855 πον
223 2798 284 2866 τοῖς
306 2790 360 2870 μὲν
379 2790 427 2852 ἐπὶ
447 2796 507 2852 τῶν
530 2792 646 2871 θηρίων
666 2796 862 2873 παραγγεῖλαι
883 2790 1026 2873 προάγειν
1047 2793 1098 2855 καὶ
1121 2795 1250 2855 διασπᾶν

144 2890 197 2973 τὰς
208 2903 267 2959 τῶν
277 2893 462 2959 ὑπεναντίων
478 2897 581 2973 τάξεις,
596 2903 656 2970 τοῖς
670 2888 696 2958 δ’
714 2898 863 2963 ἱππεῦσιν,
880 2888 924 2976 ἐφ’
942 2897 1080 2981 ἑκατέρου
1094 2904 1149 2961 τοῦ
1166 2898 1247 2979 κέρα·

144 3029 192 3079 τος
209 3008 342 3066 noxiosis
359 3004 409 3065 καὶ
426 3002 623 3085 προσβάλλειν
638 3010 698 3078 τοῖς
708 3007 856 3084 πολεμίοις
867 3010 929 3066 κτλ.
950 3006 997 3067 Gi.
1008 3005 1150 3069 Columna
1163 3004 1247 3087 pat.

230 3114 338 3172 Verum
362 3115 387 3171 si
412 3115 457 3172 oui
483 3131 521 3172 ne
544 3113 718 3192 sequidem
741 3132 826 3191 qnam
853 3115 978 3191 exposui
998 3116 1111 3174 ratione
1131 3116 1248 3175 materis

145 3221 282 3280 sufficere
307 3220 455 3295 uideatur,
485 3238 542 3298 qua
570 3229 649 3279 totus
677 3219 751 3280 liber
772 3219 880 3278 ceteris
905 3236 1039 3279 mensura
1067 3238 1125 3281 non
1153 3223 1250 3303 dispar

146 3327 316 3404 expleatur,
342 3329 449 3403 poterit
467 3326 517 3386 ille
536 3328 563 3385 in
579 3326 654 3385 burno
674 3324 777 3385 tibrum
800 3326 907 3384 initium
928 3325 1043 3402 quidem
1061 3345 1159 3388 rerum
1177 3328 1249 3389 Han·

145 3432 248 3492 nibalis
271 3432 418 3508 relegare.
470 3428 523 3489 cut
544 3433 587 3490 rei
610 3432 683 3490 inira
706 3430 858 3508 adparebit
881 3432 1003 3509 proximi
1025 3432 1091 3493 iibri
1113 3436 1250 3516 reliquias

146 3556 203 3596 non
224 3536 359 3595 obstare:
380 3553 444 3594 nam
464 3535 542 3612 qnou
564 3534 604 3594 ibi
626 3536 746 3612 primum
769 3539 853 3614 posui
871 3541 960 3598 Pooni
975 3544 1111 3615 sumerum
1128 3546 1253 3617 ponderat

147 3643 249 3702 incerti
275 3642 396 3699 nominis
423 3648 478 3698 est.
533 3637 641 3699 Contra
667 3642 861 3701 commendari
889 3660 925 3702 ea
950 3644 1024 3702 ratio
1052 3645 1112 3705 teni
1137 3648 1252 3727 septimi

148 3748 213 3808 iibri
234 3747 359 3822 uestigio
382 3746 512 3804 uidetur:
535 3762 609 3823 quos
630 3748 705 3805 enim
731 3754 819 3825 poeta
840 3746 875 3805 ir.
891 3745 960 3806 thl
984 3748 1117 3810 ‘habites
1137 3752 1252 3828 gladios

148 3854 197 3913 blo
219 3851 399 3929 gracilento'
423 3853 507 3926 dicit,
531 3852 558 3908 ei
579 3852 681 3909 nescio
703 3870 739 3911 an
760 3851 953 3929 Hispanorum
974 3855 1048 3929 sint,
1070 3853 1109 3914 de
1132 3874 1252 3934 quorum

148 3968 289 4018 armatura
317 3957 413 4015 Liuius
437 3954 490 4014 Vll
513 3955 567 4013 to:
610 3960 739 4031 Hispano
767 3963 884 4033 ‹irrpitur
910 3963 1001 4034 plodio
1027 3963 1067 4017 (αἱ
1090 3968 1254 4037 propiorem

146 4069 232 4123 babili
245 4084 389 4139 poparum,
409 4071 438 4120 et
456 4059 611 4121 XX1146:
635 4066 720 4121 Gallis
741 4064 929 4139 Hispanisque
949 4077 1029 4124 serato
1050 4070 1172 4125 eumdem
1191 4072 1252 4143 sor-

146 4189 209 4229 mae
229 4174 293 4243 fere
312 4176 406 4239 erant,
430 4170 558 4240 dispares
580 4186 615 4224 oc
639 4171 781 4225 dissimules
805 4173 904 4242 pionii,
932 4174 1020 4230 Gallis
1040 4175 1194 4249 proslortpi
1220 4190 1254 4231 oc

145 4280 204 4334 sine
225 4276 413 4344 mucronibus,
436 4275 565 4346 Hispano
580 4277 706 4346 putruerint
727 4279 814 4347 sinopis
841 4294 924 4349 qurum
945 4282 1048 4334 enesim
1069 4281 1184 4338 orisueto
1200 4296 1253 4355 pe·
