2834 4988
465 455 471 464 Ι
580 370 811 428 ΕΝΝΙΑΝΑΕ
1183 381 1256 427 xxv

143 538 211 617 quis
241 555 306 598 cum
341 537 454 597 editore
487 537 631 615 lipsiensi
665 538 702 598 de
735 537 850 598 Didone
884 537 935 598 uel
969 537 1026 598 alia
1060 536 1162 597 nescio
1200 555 1257 616 qua

144 643 270 703 muliere
292 641 461 721 intellegat,
491 664 645 721 permensa
667 644 785 724 passiue
808 652 853 703 est
885 644 1104 723 accipiendum,
1128 655 1159 705 ut
1181 644 1257 724 apud

146 749 293 811 Tibullum
321 749 361 810 lll
389 750 420 826 3,
444 750 463 812 9
490 759 520 810 et
541 750 624 811 alibi:
648 752 702 810 nisi
730 753 795 830 quis
815 750 873 810 leni
894 768 978 811 manu
1006 751 1162 812 emendare
1185 772 1257 828 per·
1383 756 1392 767 '

145 859 259 919 mensu’
282 856 399 919 mauult.
470 857 516 919 De
528 858 650 920 Aeneae
670 859 837 936 itineribus,
862 875 920 938 quo
940 857 1027 918 modo
1046 858 1122 937 apud
1136 857 1258 918 Ennium

146 974 289 1027 exornata
313 965 437 1042 luerint,
469 975 499 1026 et
524 965 686 1044 fragmenta
714 968 818 1028 desunt
848 983 903 1025 uec
931 982 948 1024 e
973 963 1107 1042 Vergilio
1139 965 1259 1025 certiori

146 1070 232 1131 locus
255 1073 442 1134 coniecturae
466 1082 527 1134 est:
549 1093 640 1154 quem
658 1091 789 1152 magnam
801 1081 913 1152 partem
926 1071 1009 1151 primi
1026 1070 1092 1131 iibri
1104 1069 1140 1131 ad
1154 1069 1259 1131 Naeuii

146 1178 311 1257 exemplar·
332 1184 536 1261 composuisse
564 1179 731 1246 Macrobius
760 1188 885 1240 testatur
910 1179 986 1257 (Sat.
1013 1176 1054 1237 v1
1083 1176 1101 1236 2
1132 1196 1161 1257 p.
1196 1177 1257 1238 514

145 1282 245 1364 Ιιιιι.);
268 1291 297 1346 tn
314 1293 456 1365 principio
478 1291 614 1348 Aeneidos
641 1296 789 1362 tempestus
811 1289 988 1356 describitur,
1016 1292 1044 1344 et
1070 1286 1162 1343 Venus
1183 1289 1261 1360 apud

145 1381 244 1452 Iouem
264 1397 389 1468 queritur
408 1399 442 1455 de
457 1399 595 1472 pariendis
613 1399 673 1471 ulit,
693 1404 720 1454 et
733 1396 863 1471 Iuppiter
877 1412 938 1452 eam
952 1395 986 1451 de
1002 1394 1163 1468 subtrorum
1174 1409 1258 1466 pros·

143 1504 265 1575 peritate
292 1505 408 1563 solatur.
452 1507 507 1564 Hie
533 1507 610 1563 tomus
634 1512 704 1564 totus
723 1511 849 1579 sumptus
867 1520 886 1560 e
907 1502 1013 1560 Naeuio
1040 1508 1081 1559 est
1107 1518 1145 1558 eu
1165 1504 1259 1574 primo

149 1610 219 1667 birro
230 1611 292 1667 belli
303 1588 411 1669 Punici.
431 1608 536 1689 Neque
557 1619 663 1687 tamen,
675 1611 811 1690 quoniam
823 1625 881 1667 uon
890 1606 993 1666 desunt
1006 1606 1082 1666 inea
1094 1608 1259 1666 narratione

145 1712 270 1791 Vergilii
301 1718 449 1793 quaedam
467 1716 504 1778 ab
532 1717 627 1778 Ennio
660 1717 853 1796 deprompta,
882 1712 918 1773 ab
947 1712 1002 1772 bac
1032 1721 1116 1791 parte
1144 1713 1262 1772 omniuo

147 1839 219 1881 usus
239 1823 301 1882 eius
319 1829 428 1902 poetae
448 1823 561 1885 alienus
585 1831 639 1885 est.
676 1821 734 1882 Vel
761 1823 816 1883 bos
842 1836 947 1882 uersus
973 1824 1102 1898 luppiter
1132 1823 1177 1880 tic
1200 1826 1262 1880 risit

145 1937 372 2008 tempestatesque
394 1949 510 1990 serersne
533 1933 670 1992 Riserunt
687 1948 780 1990 omnes
798 1935 858 1989 risu
879 1931 956 1988 Iouis
977 1933 1165 2004 omnipotentis
1186 1926 1259 2004 (icc.

146 2035 211 2096 sed.
234 2035 292 2117 ΙΙΙ)
314 2037 382 2116 quid
403 2037 530 2116 inpedit,
554 2053 613 2115 quo
635 2037 728 2096 minus
746 2036 831 2096 simili
853 2054 929 2095 nexu
951 2035 1019 2094 olim
1042 2033 1118 2112 apud
1139 2031 1261 2093 llnnium

146 2140 264 2202 habitos
287 2145 501 2219 existimemus,
520 2160 579 2221 quo
602 2141 690 2221 paulo
719 2143 874 2223 politiores
905 2151 1010 2222 postea
1042 2138 1191 2217 Vergilius
1218 2138 1259 2197 iu·

147 2248 242 2308 texuit
264 2248 339 2310 Aen.
360 2249 373 2311 l
402 2250 465 2312 254
479 2270 524 2331 sq.
549 2258 596 2312 olli
615 2254 762 2312 subridens
782 2255 922 2312 bominum
943 2261 1020 2310 sator
1040 2256 1122 2323 utque
1146 2251 1261 2307 deorum

154 2358 241 2428 Vultu,
264 2377 317 2433 quo
333 2365 442 2419 eaelum
459 2369 685 2436 tempestatesque
707 2354 840 2418 serenati
863 2354 934 2417 Gom
953 2365 1107 2436 praeterea
1130 2373 1146 2414 e
1168 2354 1260 2433 primo

147 2461 244 2540 anuali
267 2464 358 2525 adlati
379 2465 489 2526 diserte
513 2485 616 2527 uersus
640 2464 735 2545 (ΧΙΧ.
755 2465 826 2546 XX)
845 2464 1072 2525 descendentem
1084 2463 1121 2523 de
1134 2460 1260 2540 Olympo

147 2568 295 2631 Venerem
322 2571 478 2650 designare
509 2573 692 2650 uiderentur,
720 2572 787 2633 inde
813 2581 879 2633 natu
909 2572 1096 2645 coniectura,
1128 2585 1186 2627 uon
1211 2566 1260 2626 illa

148 2686 246 2753 certa,
276 2679 328 2741 sed
358 2689 455 2740 tamen
482 2679 660 2760 probabilis,
683 2690 713 2743 et
737 2680 937 2760 tempestatis,
961 2696 1017 2756 qua
1041 2678 1158 2738 Aeneas
1185 2674 1260 2753 apud

148 2781 310 2862 Vergilium
338 2786 486 2866 defertur,
516 2790 545 2848 in
567 2786 718 2848 annalibus
741 2804 858 2866 quoque
885 2789 1060 2847 mentionem
1082 2802 1138 2845 nec
1163 2782 1260 2843 Vene-

149 2891 189 2948 ris
223 2891 317 2953 nullas
349 2894 378 2954 in
406 2911 443 2954 eo
475 2896 579 2956 itinere
606 2903 706 2974 partes
738 2893 839 2953 luisse.
885 2893 924 2953 At
948 2893 1051 2972 'potuit
1079 2892 1154 2952 baec
1176 2889 1260 2950 Ennii

150 2998 277 3058 narratio
307 2999 425 3060 multum
456 3001 575 3062 differre
604 3000 640 3062 ab
674 3018 729 3077 eo,
765 3019 851 3078 quem
880 2998 1027 3076 Vergilius
1056 3006 1173 3062 secutus
1204 3004 1259 3071 est,

148 3101 276 3164 Naeuio:
298 3115 330 3166 ut
351 3126 385 3169 ea
406 3110 529 3188 suspitio
552 3116 674 3189 propter
689 3106 867 3167 Macrobium
886 3122 944 3165 non
965 3113 1113 3165 euertatur
1128 3103 1259 3163 omnino:

149 3211 230 3271 uelut
260 3211 297 3273 de
325 3213 457 3292 Didone,
486 3234 561 3295 quae
585 3224 647 3277 tota
673 3214 822 3276 Naeuiana
851 3220 913 3287 est,
943 3209 1065 3271 Ennium
1088 3219 1158 3289 puto
1191 3208 1261 3270 nibil

149 3319 321 3381 tradidisse:
356 3321 547 3399 fragmentum
574 3322 689 3402 quidem
711 3320 760 3381 uel
790 3320 1001 3395 testimonium,
1032 3334 1090 3396 quio
1113 3335 1178 3378 earn
1201 3334 1261 3376 rem

151 3425 289 3502 euincas,
312 3444 369 3487 nou
392 3437 482 3489 extat.

235 3530 362 3595 Aduenit
382 3536 502 3599 Aeneas
522 3538 550 3597 in
572 3536 698 3598 ltaliam:
722 3536 911 3615 designantur
930 3535 992 3594 eius
1014 3543 1113 3594 terrae
1135 3534 1207 3592 situs
1232 3541 1262 3592 et

151 3639 268 3701 incolae
299 3621 508 3724 pristinumque
537 3662 643 3705 nomeu
671 3643 801 3705 adfertur
832 3641 926 3721 (XXI.
961 3640 1052 3701 XXll.
1086 3639 1192 3700 XXlll.
1222 3639 1260 3699 cl.

151 3744 295 3827 xxxin:
325 3767 401 3828 quae
423 3751 541 3829 quidem
564 3751 681 3813 dubium
708 3758 753 3809 est
777 3749 813 3809 ab
837 3751 942 3829 ipsone
963 3754 1050 3827 po'e'ta
1072 3748 1204 3807 dicantur
1225 3765 1261 3807 au

153 3853 186 3913 ab
216 3856 276 3916 alio
302 3856 404 3917 nescio
427 3875 485 3936 quo
498 3840 595 3937 'quem
616 3858 785 3935 loquentem
804 3856 929 3916 inducat.
959 3853 991 3913 ln
1012 3853 1145 3918 Aeneide
1165 3854 1178 3914 l
1200 3855 1261 3916 530

152 3957 280 4022 llioneus
298 3960 420 4024 Aeneae
436 3965 535 4025 socius
548 3976 589 4026 est
609 3970 693 4039 loeus,
716 3963 816 4042 inquit,
827 3967 1006 4039 Hesperium
1022 3967 1093 4023 Grai
1104 3968 1263 4037 cognomine

154 4070 257 4141 dicunt,
293 4072 385 4129 Terre
406 4078 536 4148 antipae,
554 4080 655 4148 potens
674 4076 761 4129 urmis
782 4079 864 4146 utque
893 4073 976 4130 ubere
1005 4073 1116 4146 ptetue,
1151 4071 1265 4128 Oenotri

152 4179 256 4236 coluere
282 4181 354 4243 uirir
378 4196 453 4236 nunc
478 4181 559 4252 sumn
586 4185 706 4239 minores
732 4180 844 4237 Itutium
867 4183 971 4238 diubse
994 4181 1072 4237 ducib
1098 4181 1132 4237 de
1152 4182 1261 4236 nomine

152 4291 261 4354 penem.
318 4279 365 4343 De
397 4282 558 4362 Hesperia,
588 4285 686 4364 prisca
714 4282 814 4346 ltaliae
842 4284 1057 4364 adpellatione,
1092 4298 1177 4362 quam
1200 4279 1258 4341 En·
