2834 4988
162 401 225 466 166
484 399 957 460 HEDVPHAGETICORVM

527 601 905 674 HEDVPHAGETICA

264 787 424 862 Omnibus
446 791 487 859 ad
507 790 665 882 Clupeam
687 791 833 881 praestat
853 787 993 857 mustela
1016 788 1149 856 marina.

264 895 375 963 Mures
398 898 475 963 suut
493 894 595 979 Aeni,
624 894 735 984 spissa
753 895 865 962 ostrea
887 891 1027 982 plurima
1048 890 1169 982 Abydi.

265 997 325 1066 Est
360 1000 477 1087 pecten
507 997 683 1088 Mitylenae
715 998 748 1065 et
777 994 864 1085 apud
893 993 1093 1064 Charadram
1129 994 1283 1062 Ambra·

827 1119 986 1190 eramque.

264 1200 441 1270 Brundusii
460 1203 613 1293 sargust:
640 1201 728 1271 hunc
748 1223 892 1292 magnus
919 1201 948 1270 si
972 1199 1034 1270 erit
1050 1198 1106 1267 tibi
1127 1220 1233 1267 sume.

222 1315 241 1377 5
267 1303 462 1393 Apriculum
484 1305 608 1394 piscem
628 1305 710 1374 scito
733 1305 871 1395 primum
893 1326 970 1373 esse
988 1301 1129 1372 Tarenti.

266 1407 416 1476 Surrenti
436 1409 508 1477 lace
528 1430 618 1478 emas
637 1407 808 1499 helopem,
837 1407 992 1499 glaucum
1015 1427 1096 1495 cape
1117 1403 1244 1473 Gumis.

199 1610 443 1659 HnnanAGertcA
479 1608 623 1674 Appuleius
638 1610 670 1659 de
682 1609 769 1675 magis
782 1625 803 1658 c.
816 1607 850 1660 39
862 1624 889 1674 p.
898 1608 950 1659 484
963 1606 1027 1657 Oud.
1049 1604 1091 1664 ι(1.
1108 1605 1205 1655 Ennius
1220 1606 1283 1654 He-

165 1678 400 1745 dyphagetica'
421 1677 847 1744 (hediphagetiealbuxd‘ith.
861 1678 983 1728 bedeus
996 1675 1283 1742 phagiticaFlor.c

164 1747 417 1815 hedlphagitica
435 1747 502 1796 Flor.
518 1764 541 1797 a.
562 1748 818 1814 edesphagitica
832 1748 905 1797 Fulu
929 1745 1198 1811 Hedypathetica
1217 1745 1283 1794 Sea·
1351 1790 1356 1796 .

165 1817 231 1884 liger
245 1819 325 1868 Catal.
339 1834 366 1884 p.
383 1814 448 1880 215)
475 1821 554 1881 ‘quae
575 1819 692 1868 uersibus
711 1819 815 1884 scripsit
835 1816 1033 1867 innumerabilia
1051 1816 1160 1880 piscium
1183 1830 1283 1880 genera

166 1896 310 1948 enumerat,
331 1903 395 1951 qnae
414 1887 512 1936 seilicet
532 1888 632 1937 curiose
647 1895 777 1953 cognorat.
809 1888 907 1937 Paucos
924 1901 1015 1936 uersus
1036 1884 1154 1944 memini,
1175 1898 1219 1933 eos
1242 1884 1282 1933 di·

166 1972 236 2006 cam:
253 1957 383 2007 omnibus'
400 1972 421 2006 e.
439 1973 463 2020 q.
478 1973 500 2006 s.
526 1957 607 2007 ‘alios
623 1959 698 2006 etiam
719 1957 806 2007 multis
824 1956 943 2007 uersibus
959 1955 1102 2014 decorauit,
1121 1962 1146 2003 et
1158 1953 1204 2001 ubi
1216 1969 1282 2019 gen-

166 2027 229 2077 tium
245 2028 352 2090 quisque
367 2042 467 2086 eorum,
486 2026 627 2090 qualiter
642 2043 736 2077 assus
755 2035 809 2077 aut
827 2027 1048 2077 iussulentus’
1072 2023 1282 2090 (iurulentus

211 2206 226 2258 l
253 2201 383 2256 omnibus
410 2206 439 2255 ut
460 2199 567 2272 Clypea
590 2200 661 2255 libri.
687 2201 818 2256 omnibus
848 2207 875 2256 at
898 2199 1020 2272 Clupeae
1044 2198 1188 2254 Turnebus
1205 2199 1282 2253 Adu.

166 2283 245 2340 XXI
267 2291 318 2353 m,
347 2285 472 2357 Scaliper
555 2290 573 2342 2
600 2285 674 2340 Aeni
695 2286 806 2356 spissa]
834 2285 907 2342 Aeni
928 2301 1031 2356 aspera
1051 2283 1121 2338 libri.
1143 2281 1216 2337 Aeni
1239 2290 1285 2338 ast

167 2385 252 2439 aspra
274 2369 430 2439 Turnebus,
457 2368 597 2442 Sculiper‚
621 2371 807 2426 casaubonus.
836 2369 942 2438 aenid3
964 2385 1048 2440 aspra
1070 2367 1225 2423 Salmasius
1246 2369 1287 2423 ud

168 2453 253 2509 Solin.
273 2471 305 2525 p.
327 2457 380 2513 794
465 2462 577 2509 austrea
599 2454 655 2509 uidi
677 2455 795 2511 Darur'il.
882 2460 899 2513 3
922 2460 965 2510 est
989 2459 1088 2526 pecten
1111 2453 1284 2524 Mitylenae]

168 2538 317 2609 mitylenae
339 2545 440 2609 pecten
457 2538 537 2593 Tiar.
554 2556 582 2592 a.
602 2539 757 2611 Mithylena
775 2546 817 2594 est
839 2547 940 2610 pecten
961 2538 1033 2594 Pan
1052 2540 1104 2606 (ut
1117 2538 1193 2603 uid.)
1220 2555 1285 2592 mus

168 2622 310 2676 Mililenae
333 2630 377 2679 est
395 2629 496 2694 pecten
517 2623 596 2679 Tlor.
619 2625 715 2679 cedd.
737 2629 800 2678 ante
823 2624 939 2682 Cusurtb.
962 2641 1024 2678 mus
1047 2623 1219 2695 Mithylenae
1241 2629 1288 2677 est

168 2712 265 2777 petere
282 2709 327 2772 (ut
339 2708 410 2775 uid.)
425 2708 543 2763 Doruill.
558 2708 711 2779 Mitylenae
727 2715 771 2764 est
787 2717 888 2780 pecten
904 2709 1092 2767 Oasaubonus.
1111 2709 1226 2779 mitylus
1241 2714 1288 2761 est

168 2796 270 2862 pecten
285 2790 411 2864 Scabper
497 2798 524 2846 el
539 2792 615 2862 apud
632 2793 816 2861 Charadram]
833 2794 980 2849 caradrum
999 2793 1075 2864 apud
1091 2793 1194 2847 Flora
1209 2791 1286 2847 Pin.

169 2875 366 2948 caradrinique
390 2876 466 2948 apud
486 2877 564 2932 Flor.
581 2893 604 2932 c.
627 2878 829 2949 caradiumque
852 2878 928 2950 apud
943 2878 1060 2935 Doruill.
1078 2877 1288 2948 caradrurnque

169 2961 229 3030 (uel
241 2964 329 3032 quae)
346 2962 423 3034 apud
439 2961 521 3018 Fulu.
537 2961 599 3021 edd.
618 2969 682 3018 unte
697 2963 813 3019 Cesuub.
831 2979 955 3035 aperque
973 2961 1049 3034 apud
1066 2962 1218 3017 Turnebus.
1239 2979 1289 3017 ca-

169 3062 292 3118 presque
312 3047 389 3118 apud
404 3047 591 3104 Casaubonus.
616 3047 828 3119 charadrusque
850 3049 925 3121 apud
948 3047 1081 3120 Scab’yer.
1103 3045 1289 3102 charadrum-

169 3148 224 3202 que
242 3131 396 3188 Salmesm
482 3133 746 3204 Ambraciamque}
765 3133 935 3188 Vmbraciac
964 3133 1133 3199 (Vmbracie
1153 3132 1200 3187 uel
1214 3131 1288 3184 Vm-

169 3217 258 3272 bratie
273 3217 346 3272 Pin.
363 3217 497 3279 Doruill.)
520 3216 585 3271 linis
606 3222 651 3284 (ut
669 3217 748 3274 Tlor.
768 3235 787 3272 a
800 3213 830 3291 c)
856 3221 916 3273 sirie
935 3217 1006 3272 lines
1021 3216 1084 3272 libri
1102 3223 1129 3271 el
1142 3215 1204 3271 edd.
1223 3221 1290 3272 auu

170 3300 288 3358 Casuub.
304 3302 524 3358 Ambracienses
540 3301 728 3378 casaubonus²
744 3303 913 3357 Ambraciae
929 3319 1027 3357 amnes
1046 3301 1198 3367 Turnebus,
1215 3300 1286 3355 Scu-

169 3387 247 3458 liyer.
275 3387 435 3442 Ambraciai
458 3385 612 3441 Salmasius
701 3390 720 3444 4
740 3387 893 3442 Brundusii
911 3388 1039 3459 plerique
1058 3387 1128 3441 libri.
1152 3385 1289 3440 Brindisii

170 3472 248 3527 Tiar.
269 3486 295 3525 a.
320 3471 455 3526 Brundini
481 3471 600 3526 Doruill.
628 3471 771 3526 Brundisii
798 3473 845 3527 uel
865 3472 1004 3526 Brentesii
1028 3471 1226 3525 Lachmannus
1250 3470 1293 3524 ad

171 3555 253 3610 Lucr-
280 3555 389 3616 Vrooo
409 3572 441 3625 p.
456 3559 519 3612 328.
546 3554 679 3610 Brundisi
699 3556 727 3612 Ι.
753 3557 784 3611 V.
803 3544 965 3612 Trunclu'us
989 3555 1068 3627 apud
1090 3555 1290 3610 Suerdsr'oeum

177 3638 258 3694 Viud.
273 3655 372 3708 praee.
390 3639 477 3694 Bentl.
497 3656 528 3710 p.
546 3643 591 3696 53.
616 3638 774 3695 Brundusio
797 3640 981 3696 Suerdsmeus
1002 3642 1071 3711 ipse
1095 3639 1220 3694 Brentesi
1243 3642 1293 3695 uel

172 3722 310 3778 Brundusi
333 3722 386 3778 Pb.
416 3723 572 3795 Weyuerus
589 3725 619 3778 r'n
645 3723 727 3797 Vere.
752 3725 822 3780 Aen.
838 3724 889 3781 IX
902 3732 948 3783 lbl
1037 3726 1162 3797 sargust]
1183 3741 1290 3796 sargus

170 3807 320 3862 bonusest
337 3807 773 3879 bbffinuiquodestomfflitb.
859 3814 934 3883 4sq.
958 3810 1033 3864 bunc
1051 3826 1171 3881 maguus
1187 3810 1211 3863 si
1236 3812 1293 3864 erit

172 3908 254 3947 sume
270 3893 426 3962 apriculum
442 3891 512 3946 iibri.
528 3892 602 3950 bunc
624 3911 744 3966 magnus
759 3894 812 3948 erit
827 3894 851 3948 si
868 3894 963 3951 Sume.
980 3896 1116 3965 apriclum
1135 3893 1292 3964 Turnebus,

172 3975 513 4050 auerruncandorum
598 3987 614 4038 5
636 3981 731 4050 pisces
748 3979 867 4034 Doruill.
953 3976 1034 4051 scito]
1055 3983 1132 4032 secto
1154 3979 1201 4033 uel
1220 3996 1293 4035 seco

171 4060 251 4118 Pitlt.
337 4068 354 4121 6
379 4061 504 4118 Surrenti
527 4066 655 4136 aelopem
679 4066 725 4120 lac
745 4080 824 4118 emas
844 4063 979 4119 Glaucum
997 4063 1074 4135 apud
1095 4061 1197 4118 Cumas
1220 4064 1295 4134 quid

172 4145 252 4202 Flor.
265 4162 290 4202 e.
307 4147 433 4205 Surrenti
449 4149 559 4220 telopen
575 4151 619 4205 lac
635 4166 713 4204 emas
728 4151 860 4221 glaucum
876 4149 952 4220 apud
966 4147 1068 4204 Cumas
1084 4147 1151 4219 quid
1166 4148 1247 4202 Flor.
1261 4167 1293 4204 u.

172 4234 312 4288 surrentia
327 4234 428 4303 elepen
445 4234 488 4288 lae
504 4251 582 4289 emas
599 4233 675 4305 apud
691 4233 794 4289 Cumas
809 4234 877 4305 quid
892 4234 966 4289 Pitb.
990 4233 1165 4290 Surrentium
1185 4234 1294 4304 elepen

173 4317 304 4375 lucernas
323 4319 453 4374 clausum
468 4317 545 4390 apud
560 4318 664 4374 Cumas
686 4317 754 4390 quid
767 4319 888 4374 Dorru‘ll.
906 4318 1032 4376 Surrenti
1054 4319 1191 4374 iacemus
1208 4319 1296 4390 glau-
